2259 3692
252 312 450 362 faceret
485 311 631 382 quod
677 311 761 361 lex
807 321 905 361 cst.
960 309 1268 362 Transactis
1323 320 1498 360 autem
1548 330 1739 362 novem
1787 312 2082 371 mensibus,

250 410 472 470 accepto
500 402 834 450 Bertrannus
868 397 1293 449 vices-comitatu
1328 397 1497 467 ipsius
1540 398 1789 460 civitatiS,
1831 401 2088 452 Gibertus

250 488 538 558 episcopus
566 497 688 538 ante
716 487 891 557 ipsum
919 487 1301 546 Bertrannum,
1327 485 1381 535 in
1409 485 1569 536 mallo
1594 486 1835 556 publico,
1866 488 2088 539 veniens
2146 519 2150 523 ·

251 596 370 626 cum
406 596 530 626 suos
562 585 748 636 testes,
793 574 1037 646 protulit,
1078 574 1216 624 sicut
1262 573 1306 624 ci
1352 584 1507 624 antea
1553 574 1847 626 iudicatum
1892 575 2083 627 suerat.

250 665 384 715 Nam
419 684 572 715 suum
600 663 914 714 advocatum
953 662 1273 713 Bernarium
1307 662 1508 713 habere
1544 682 1652 712 11011
1678 664 1873 733 potuit,
1916 664 1970 714 in
2005 664 2088 714 in-

251 751 558 802 firmitatem
593 751 889 802 detentum.
929 753 1035 802 Pro
1078 770 1183 820 qua
1223 769 1280 800 re
1315 749 1431 820 ipse
1481 750 1770 821 episcopus
1811 751 1866 801 in
1899 772 2088 822 supra-

252 839 397 890 dicto
431 840 590 891 mallo
619 860 765 891 suam
794 838 999 890 exibuit
1025 838 1374 909 presentiam,
1407 858 1527 889 011111
1553 839 1784 890 testibus
1811 839 1894 890 his
1922 840 2088 890 nomi-

251 928 428 978 nibus,
490 927 712 989 Milone,
773 926 1082 988 NVarnario,
1143 928 1331 987 Josuc,
1393 927 1708 988 Gomarico,
1770 929 2084 988 Mauronto,

251 1015 654 1075 lIcldebrando,
694 1015 1014 1086 Leoterig03
1053 1025 1105 1065 et
1138 1035 1236 1085 per
1270 1014 1546 1065 ordinem¹
1574 1015 1896 1087 interrogati
1930 1026 2089 1086 atque

250 1102 498 1163 discussi,
537 1104 741 1174 absque
775 1103 882 1154 11113
923 1103 1180 1154 varietate
1222 1103 1596 1173 unusquisque
1638 1123 1821 1154 corum
1864 1103 2090 1174 protulit

247 1191 637 1252 testimonium,
678 1191 824 1262 quod
858 1211 955 1242 nos
989 1190 1186 1242 fuimus
1224 1191 1280 1241 in
1314 1193 1555 1242 Montem
1595 1191 1867 1253 Goticum,
1910 1191 2089 1245 Valle-

250 1280 453 1350 Longa,
494 1279 548 1329 in
591 1279 710 1330 1000
754 1300 857 1350 que
901 1279 1098 1330 dicitur
1132 1279 1780 1350 Ad-Fontem-Vesparia,
1824 1290 1877 1330 et
1917 1280 2088 1331 oculis

249 1367 449 1417 nostris
482 1367 712 1418 vidimus
747 1367 963 1438 quando
991 1367 1301 1418 Bernardus
1329 1367 1405 1418 ibi
1432 1387 1487 1418 se
1514 1368 1848 1439 recognovit,
1880 1378 1932 1419 et
1968 1387 2088 1419 con-

251 1455 483 1506 credidit
546 1456 692 1526 quod
747 1467 915 1506 mater
971 1458 1085 1526 ejus
1143 1455 1421 1528 Blitgarda
1475 1455 1653 1506 villam
1710 1456 1966 1528 Bizagum
2023 1456 2090 1508 ad

251 1544 503 1594 Sanctam
530 1544 753 1595 Mariam
781 1546 1005 1615 ejusque
1033 1544 1328 1595 servientes
1356 1543 1709 1614 solempniter
1731 1544 2085 1607 condonavit3

249 1641 300 1680 et
349 1651 449 1703 ego
484 1631 682 1702 injuste
726 1652 841 1683 eam
885 1632 985 1683 tuli
1017 1632 1099 1683 vel
1141 1631 1424 1702 expoliavi.
1467 1633 1533 1681 Et
1582 1652 1678 1702 per
1727 1652 1850 1683 suos
1883 1632 2089 1684 wadios

249 1719 476 1770 Gibcrto
522 1720 779 1791 episcopo
820 1720 999 1771 villam
1046 1720 1301 1792 Bizagum
1342 1719 1588 1790 partibus
1632 1721 2088 1772 Sanctae-Mariae

247 1807 505 1858 reddidit.
539 1809 604 1858 Et
632 1808 747 1879 ipsa
790 1809 990 1859 noticia
1024 1809 1078 1858 in
1122 1808 1373 1859 omnibus
1415 1827 1541 1858 vera
1575 1818 1656 1858 est
1697 1819 1749 1858 et
1790 1828 1899 1859 non
1934 1808 2082 1860 salsa.

248 1896 316 1945 Et
350 1895 467 1965 ipso
502 1895 607 1957 die,
640 1897 874 1967 predicti
899 1907 1085 1957 testes,
1123 1896 1401 1947 venientes
1431 1895 1497 1946 ad
1524 1895 1809 1947 ecclesiam
1838 1899 2087 1949 Sanctae-

248 1983 450 2034 Mariae
484 1984 860 2055 principalem,
893 2005 1080 2036 manus
1108 2004 1228 2035 suas
1257 2004 1418 2054 supra
1447 2003 1657 2034 sacrum
1685 1984 1851 2035 altare
1881 1986 2087 2037 Sancti-

250 2071 544 2122 Salvatoris
594 2073 955 2144 imponentes,
996 2075 1242 2144 jurantes
1277 2072 1530 2123 dixerunt
1573 2072 1697 2142 quia
1742 2073 1843 2124 ista
1888 2074 2087 2124 noticia

245 2179 369 2210 vera
402 2171 500 2221 est,
547 2181 655 2211 non
691 2160 839 2223 falsa,
888 2162 1027 2212 sicut
1062 2164 1170 2231 jam
1214 2161 1266 2211 in
1308 2171 1484 2211 vestra
1524 2160 1929 2212 tcstificavimus
1963 2181 2088 2232 pre-

247 2248 437 2309 sentia,
479 2268 576 2318 per
618 2251 791 2300 Deum
837 2249 1157 2300 altissimum
1201 2260 1252 2299 et
1286 2249 1414 2299 istas
1448 2247 1704 2298 virtutes‘2
1741 2250 2081 2300 Sanctorum.

246 2336 441 2385 Actum
474 2336 712 2406 publice,
753 2337 838 2388 die
865 2338 1113 2397 Veneris,
1145 2339 1190 2387 X
1217 2337 1336 2387 Kal.
1368 2336 1532 2407 Magi,
1572 2356 1712 2386 anno
1739 2337 1914 2407 primo
1942 2338 2088 2408 quod

249 2423 437 2473 Carlus
472 2444 566 2474 rex
599 2425 887 2495 assumpsit
924 2425 1229 2495 imperium.
1264 2426 1319 2476 S.
1359 2426 1665 2474 Mauronto.
1701 2425 1756 2475 S.
1801 2427 1979 2476 Josuc.
2026 2428 2080 2478 S.

248 2511 548 2562 LcotcriCO.
591 2516 646 2564 S.
688 2512 1090 2563 Heldebrando.

304 3323 344 3362 1.
381 3319 491 3362 L’un
520 3323 654 3379 apres
682 3320 858 3373 vacare,
890 3337 939 3363 en
963 3323 1161 3365 suivant.

301 3389 343 3427 2.
378 3385 610 3443 Reliquos.
