2259 3692
955 154 1214 203 ...18—

159 280 397 352 drappus
454 300 545 332 scu
605 280 959 332 fabricaturas
1015 280 1098 331 vel
1148 299 1307 330 omne
1364 279 1742 351 subpellectile
1792 279 2002 341 domus,

158 368 420 439 quicquid
446 368 554 420 dici
587 379 677 420 aut
704 369 984 419 nominare
1010 378 1211 439 potest,
1237 388 1407 438 aequa
1433 367 1632 418 lentia1
1663 368 1805 418 inter
1833 388 1888 419 sc
1908 368 2008 418 visi

155 467 280 507 sunt
307 456 554 508 divisisse
586 457 669 508 vcl
703 476 1018 527 exequasse,
1056 467 1109 507 et
1146 457 1250 507 hoc
1284 456 1514 507 invicem
1548 475 1673 526 pars
1713 466 1865 527 parte
1904 466 2006 507 tra-

157 544 373 596 dedisse
400 556 453 596 et
478 565 575 616 per
602 544 838 596 festuca²
858 545 1038 596 onmia
1052 545 1312 616 partitum
1331 564 1449 595 esse
1471 543 1689 595 dixisse.
1710 545 2005 615 Propterea

157 633 428 703 presentis
463 633 720 704 epistolas
763 633 895 684 duas
932 653 1041 684 uno
1074 643 1266 684 tenore
1301 633 1640 684 conscribtos
1673 631 1852 683 locum
1885 652 2005 703 pac-

157 721 329 771 cionis
371 721 513 772 inter
555 742 611 772 sc
659 722 759 772 visi
801 732 927 772 sunt
969 722 1382 783 conscribsisse,
1430 732 1487 772 ut
1529 720 1710 771 nullus
1745 720 2004 790 deinceps

159 819 346 860 contra
386 808 552 880 pare3
585 830 701 871 suo,
748 808 889 861 nisi*
931 809 1078 881 quod
1120 810 1187 861 ad
1227 796 1453 881 presens
1503 808 1732 879 accepit,
1780 807 1845 858 de
1887 808 2004 878 ipsa

155 896 310 948 alode
336 908 597 970 genetore
624 918 811 950 eorum
845 899 1075 970 amplius
1102 898 1419 970 requirendi
1439 897 1782 969 pontefitium
1801 897 2003 947 habere

156 1004 264 1036 non
300 985 487 1037 dibiat.
537 986 698 1054 Quod
731 987 775 1038 si
820 987 1113 1059 aliquando
1155 987 1351 1058 aliquis
1386 1007 1450 1038 ex
1485 986 1618 1057 ipsis
1662 995 1751 1036 aut
1784 984 2002 1035 heredis

154 1093 339 1125 eorum
380 1075 483 1126 hoc
517 1086 757 1126 emutare
795 1076 1086 1137 voluerint,
1124 1087 1213 1127 aut
1247 1076 1477 1147 amplius
1520 1074 1798 1145 requirere
1841 1093 2002 1144 quam

155 1163 364 1234 accepit
397 1163 629 1214 voluerit
678 1174 767 1214 aut
809 1164 1112 1225 adsumere,
1174 1164 1371 1214 inferat
1411 1164 1528 1234 pari
1585 1183 1700 1223 suo,
1748 1162 1849 1212 ista
1890 1172 2001 1212 tota

153 1261 418 1311 servante,
450 1252 566 1302 auri
600 1252 799 1303 liberas
824 1263 1021 1313 tantas,
1053 1252 1263 1324 argenti
1291 1251 1474 1322 pondo
1501 1262 1729 1311 tantum,
1761 1261 1813 1300 ct
1856 1250 2003 1321 quod

151 1339 368 1409 repetit,
398 1339 673 1391 vindicare
708 1360 815 1390 non
850 1341 1040 1402 valeat,
1081 1340 1177 1391 sed
1217 1359 1444 1411 presens
1472 1339 1651 1410 pactio
1686 1338 1832 1389 omni
1870 1348 2000 1388 tem-

149 1446 281 1497 pore
314 1427 499 1478 firmus
525 1440 858 1499 permaneat,
897 1429 1247 1500 stipulatione
1275 1428 1532 1479 subnexa.

221 1515 435 1567 Actum.

150 1691 217 1738 ΝΟ
246 1697 338 1742 1³7.
385 1691 578 1741 Char-te
618 1691 680 1741 cle
707 1693 1041 1759 composition
1072 1711 1212 1759 pour
1248 1693 1405 1742 crime
1445 1693 1506 1741 de
1547 1698 1665 1758 rapt
1704 1697 1912 1740 Servant
1937 1690 1999 1739 de

688 1775 864 1823 charte
891 1793 951 1822 ou
983 1796 1005 1819 a
1037 1775 1185 1823 Iivret
1214 1797 1235 1820 »
1264 1775 1325 1823 cle
1351 1774 1452 1823 dot.

525 1897 600 1963 (Z.
643 1901 717 1965 16)
761 1899 921 1947 Marc.
962 1900 1135 1947 Form.
1179 1900 1225 1946 II
1267 1899 1348 1963 (R.
1394 1897 1455 1947 G.
1496 1899 1629 1965 243).

587 2026 645 2077 Si
678 2026 872 2097 aliquis
905 2026 1084 2097 puella
1112 2026 1278 2077 invita
1308 2026 1551 2077 traxerit.

219 2136 546 2188 Dulcissima
590 2137 822 2210 coniuge
857 2157 974 2188 mea
1016 2137 1107 2188 illa
1149 2137 1258 2188 illc.
1305 2139 1447 2187 Dum
1488 2147 1540 2187 et
1573 2147 1625 2187 te
1653 2143 1785 2208 pera
1812 2137 1993 2188 volon-

143 2235 308 2276 tatem
347 2236 633 2296 parentum
674 2236 891 2276 tuorum
924 2226 1089 2276 habui
1133 2225 1522 2296 disponsatam,
1566 2236 1618 2276 et
1659 2226 1863 2296 absque
1904 2237 1993 2277 tua

142 2313 224 2364 vel
267 2324 552 2384 parentum
591 2324 808 2365 tuorum
840 2314 1112 2364 volontate
1147 2324 1301 2384 rapto
1337 2313 1540 2364 scelere
1575 2334 1694 2364 meo
1737 2314 1990 2386 coniugio

144 2402 361 2464 sociavi,
392 2410 553 2454 item:
582 2404 723 2453 Dum
750 2413 801 2453 et
834 2413 907 2464 te,
940 2402 1159 2453 fatiente
1187 2412 1415 2453 coturno
1433 2399 1468 2463 b,
1502 2413 1689 2453 contra
1714 2402 1990 2454 voluntate

199 2580 241 2635 a)
269 2578 363 2621 Lis.
393 2579 493 2621 sinc
529 2594 586 2622 οιι
624 2586 799 2629 contra,
831 2594 889 2622 οιι
926 2594 1096 2634 encore,
1128 2593 1231 2621 avec
1268 2581 1456 2621 Zezcmer
1479 2595 1492 2620 .·
1520 2580 1640 2620 Dum
1665 2594 1747 2622 nec
1785 2586 1976 2635 te.pe1·;

140 2643 326 2703 d¹apre³s
351 2661 397 2687 ce
423 2646 504 2704 qui
529 2646 637 2700 suit,
675 2645 711 2687 il
732 2647 838 2701 faut
865 2645 1073 2687 [raduire
1101 2661 1114 2686 .·
1142 2644 1335 2687 atcendu
1362 2660 1446 2704 que
1465 2647 1511 2703 je
1539 2645 1623 2687 t'ai
1655 2647 1842 2704 e'pozcse'e
1868 2661 1981 2687 sans

140 2711 219 2765 (ou
246 2712 417 2768 contre)
446 2711 493 2754 la
525 2711 699 2754 volonte‘
732 2711 786 2753 de
814 2719 878 2753 tes
902 2719 1108 2770 parents.
1137 2737 1194 2743 —
1219 2711 1267 2766 b)
1294 2712 1387 2753 Lis.
1417 2711 1744 2753 contubernio.
1772 2715 1902 2754 Dans
1928 2727 1987 2753 un

137 2778 413 2839 sensetrolt,
449 2794 464 2815 (ι
494 2776 678 2836 peloton
711 2796 725 2817 n
750 2777 804 2819 de
832 2777 917 2819 dix
938 2778 1151 2834 hommes,
1177 2776 1509 2833 ge'tw'ralement
1534 2785 1693 2837 troupe
1719 2777 1983 2833 d’lzommes,

138 2843 287 2884 arme's
310 2858 368 2885 ou
390 2858 494 2900 non,
524 2858 643 2901 pour
669 2858 727 2886 nn
757 2858 874 2902 conp
900 2843 954 2886 de
980 2843 1122 2886 main.
1159 2845 1263 2900 Voy.
1298 2843 1455 2899 Waitz,
1495 2845 1539 2886 V.
1579 2846 1627 2886 G.
1655 2843 1715 2900 I3,
1752 2860 1799 2902 l)-
1831 2846 1913 2887 488
1947 2851 1988 2885 et

135 2908 251 2951 suiv.

194 2983 234 3023 1.
272 2980 553 3038 Egalement.

195 3050 234 3090 2.
271 3050 337 3089 En
361 3047 487 3090 droit
512 3049 663 3098 frank,
694 3047 741 3090 la
768 3051 800 3103 sl
834 3064 861 3091 (ι
891 3063 949 3090 un
975 3047 1068 3090 ro⁴le
1099 3055 1376 3107 cmportant;
1413 3050 1460 3105 je
1501 3065 1552 3091 ne
1591 3049 1684 3091 vois
1723 3052 1857 3106 gnere
1899 3065 1983 3108 que

133 3114 362 3168 fantaisie
389 3129 447 3156 οιι
475 3115 717 3170 confusion
746 3114 868 3156 dans
907 3114 1082 3163 Viollet‚
1112 3115 1268 3157 Pre'cis
1296 3117 1428 3164 2‚505
1456 3123 1497 3157 et
1521 3131 1577 3172 s.,
1608 3118 1691 3158 519
1715 3123 1755 3157 et
1779 3119 1978 3164 Beatum,

135 3179 271 3221 Droit
289 3187 486 3222 contum.
519 3181 704 3237 (Biensl,
735 3183 790 3223 92
817 3188 857 3223 et
882 3197 917 3222 s.

197 3248 238 3287 3.
274 3246 355 3301 Icc',
392 3262 477 3302 par
502 3261 690 3304 marque
726 3246 927 3303 l'e'galite'
966 3246 1045 3289 des
1086 3254 1418 3305 contractants,
1463 3264 1630 3291 comme
1668 3247 1765 3304 tels,
1812 3255 1853 3289 et
1892 3262 1979 3291 non

140 3309 238 3353 leur
263 3311 430 3367 &galite'
452 3311 680 3371 politique
706 3327 763 3355 οιι
789 3312 991 3367 sociale,-
1019 3316 1074 3369 Cfi
1102 3322 1151 3354 n⁰
1178 3316 1217 3357 8.
1244 3329 1286 3353 n.
1316 3316 1357 3355 3.

199 3379 241 3419 4.
277 3379 409 3435 Saus,
440 3385 566 3420 outre
591 3394 636 3420 ce
660 3377 776 3437 qu'il
799 3393 827 3421 a
852 3394 974 3435 νεςιι.
