2259 3692
968 190 1259 241 —209-

195 318 450 381 dandum,
489 319 562 370 ita
595 328 648 370 et
682 318 1026 379 donandum3
1065 317 1297 388 ideoque
1332 337 1432 389 ego
1468 338 1571 389 que
1611 338 1771 389 supra
1808 318 2035 369 Ermen-

193 407 359 481 garda
405 406 690 458 cometissa
736 426 855 457 cum
897 406 1098 457 noticia
1149 405 1214 455 de
1259 405 1747 476 propinquioribus
1796 407 2038 476 parentis

194 496 364 562 [meis]
400 515 503 566 que
539 514 700 565 supra
737 494 955 555 femine,
994 493 1050 544 id
1084 503 1209 544 sunt
1242 492 1345 544 Ato
1390 492 1500 543 filio
1546 513 1664 543 mco
1700 493 1765 544 dc
1801 495 2039 545 anterior

191 584 272 635 vir
305 593 358 634 et
385 582 690 635 Gandulsus
725 582 956 633 abiatico
992 601 1111 632 meo
1146 601 1239 631 seu
1276 580 1618 633 Giselbertus
1654 592 1854 652 nepoto
1895 601 2034 643 meo,

193 671 248 722 in
283 691 468 722 eorum
496 670 781 742 presencia
806 669 889 721 vel
915 669 1135 720 testium
1164 679 1311 720 certa
1338 668 1475 720 facio
1501 669 1861 740 professione,
1893 669 2039 740 quod

193 759 395 810 nullam
429 779 512 810 me
546 760 658 829 pati
691 758 1012 809 violenciam
1046 757 1353 828 quempiam
1391 758 1646 819 ominem,
1684 776 1784 808 nec
1819 757 1884 808 ab
1919 758 2038 828 ipso

193 847 371 919 iugale
420 857 472 898 et
528 845 914 898 mundowaldo
965 865 1103 907 meo,
1142 845 1247 896 nisi
1281 865 1397 896 mea
1447 845 1590 896 bona
1646 855 1698 896 et
1740 856 2039 915 spontanea

192 935 484 986 voluntate.
518 935 657 1004 (Suit
698 936 745 985 le
781 934 951 985 cle'tczil
984 934 1049 985 de
1082 935 1134 985 la
1170 933 1462 1002 clonatz‘on‘).
1497 936 1614 1000 Que
1650 943 1827 984 autem
1856 952 2037 1004 supra—

193 1023 421 1094 scriptas
448 1022 629 1093 pecias
658 1021 723 1072 de
757 1032 902 1073 terra
936 1022 1069 1072 iuris
1097 1023 1297 1072 nostris
1331 1063 1436 1072 .....
1478 1022 1531 1072 111
1565 1022 1838 1093 integrum
1878 1021 1943 1072 ab
1980 1041 2038 1072 ac

193 1109 279 1161 die
307 1111 361 1162 in
395 1110 586 1161 eodem
622 1110 902 1181 episcopio
939 1110 1200 1161 donamus
1228 1120 1280 1160 et
1308 1109 1585 1161 offerimus
1613 1119 1665 1160 et
1689 1129 1787 1180 per
1812 1129 2038 1180 presen-

191 1208 300 1249 tem
335 1198 594 1249 cartulam
640 1197 948 1248 offersionis
982 1197 1184 1248 ibidem
1229 1197 1296 1249 ad
1329 1197 1597 1248 abendum
1636 1197 2033 1249 confirmamus.

194 1286 423 1356 Insuper
462 1305 564 1357 ego
599 1305 703 1356 que
750 1305 912 1356 supra
960 1285 1331 1357 Ermengarda
1377 1295 1528 1356 parte
1565 1285 1734 1356 ipsius
1775 1285 2041 1356 episcopii

197 1373 391 1424 exinde
427 1373 722 1444 legitimam
752 1373 887 1425 facio
920 1373 1269 1425 traditionem
1296 1384 1348 1424 et
1380 1373 1695 1425 vestituram
1729 1394 1826 1444 per
1856 1373 2040 1424 cultel-

195 1461 324 1522 lum,
357 1462 535 1512 fistuci
564 1472 828 1522 notatum,
851 1472 1160 1514 wantoncm
1181 1472 1232 1512 ct
1256 1482 1529 1513 wasonem
1548 1472 1693 1512 terre
1722 1482 1815 1512 seu
1835 1482 2039 1512 ramum

195 1550 406 1600 arboris
447 1559 498 1600 ct
532 1570 614 1600 me
648 1549 843 1600 exinde
884 1549 1013 1600 foris
1049 1550 1272 1620 expulli,
1304 1550 1529 1620 warpivi
1564 1560 1617 1600 et
1645 1550 1880 1601 absasito
1916 1550 2036 1611 feci,

197 1647 250 1687 et
277 1637 419 1707 parti
460 1638 630 1707 ipsius
677 1637 943 1708 episcopii
992 1658 1080 1689 eas
1123 1638 1393 1689 abendum
1438 1637 1694 1708 relinqui,
1735 1637 2041 1689 faciendum

195 1725 390 1776 exinde
438 1725 580 1796 parti
630 1726 801 1796 ipsius
858 1726 1123 1797 episcopii
1172 1747 1199 1777 a
1248 1727 1491 1797 presenti
1542 1725 1627 1776 die
1676 1726 2041 1797 proprietario

195 1814 431 1875 nomine,
464 1813 610 1884 quod
641 1813 890 1875 voluerit,
931 1815 1046 1865 sine
1083 1815 1228 1865 omni
1271 1825 1455 1865 nostra
1491 1824 1542 1864 et
1577 1814 1798 1865 eredum
1834 1824 2041 1865 nostro-

196 1921 314 1952 rum
349 1921 408 1952 ac
433 1901 871 1973 proeredumque
899 1903 1003 1953 mei
1033 1902 1118 1953 cui
1146 1922 1306 1973 supra
1344 1902 1713 1973 Ermengarde
1741 1901 2041 1953 contradic-

195 1989 343 2040 tione
375 1989 457 2040 vel
506 1990 860 2060 repeticione.
911 1991 969 2042 Si
1005 1991 1126 2061 quis
1174 2010 1322 2051 vero,
1360 2002 1455 2042 etc.
1617 1992 1683 2041 Et
1716 1991 2043 2062 bergamena

197 2096 316 2128 cum
350 2079 733 2129 atramentario
770 2078 835 2129 de
877 2089 1024 2130 terra
1065 2078 1388 2130 elevavimus
1422 2079 1561 2130 hanc
1603 2079 1855 2151 paginam
1892 2079 2041 2151 Sige-

194 2164 334 2217 sredi
367 2166 610 2217 notarius
649 2167 786 2217 sacri
821 2167 1017 2238 palacii
1051 2167 1315 2218 tradimus
1351 2177 1402 2218 et
1437 2167 1678 2218 scribere
1713 2168 2039 2239 rogavimus,

197 2252 251 2303 in
294 2273 397 2324 qua
432 2255 617 2305 subter
652 2254 1032 2306 confirmamus
1073 2256 1417 2326 testibusque
1459 2255 1754 2306 obtulimus
1788 2256 2044 2306 roboran-

200 2340 338 2391 dam.
371 2341 527 2393 Unde
571 2342 674 2393 due
710 2343 914 2394 cartule
949 2343 1258 2394 offersionis
1293 2363 1401 2394 uno
1438 2344 1616 2394 tinore
1661 2343 1861 2414 scripte
1896 2352 2038 2394 sunt.

197 2428 391 2480 Actum
425 2429 480 2480 in
508 2440 685 2481 castro
712 2433 901 2482 Munte
939 2431 1174 2482 Collere.
1215 2431 1492 2483 Felicitcr.
1534 2432 1763 2503 Signum
1797 2432 2044 2482 manibus

201 2517 569 2589 Ermengarde
618 2529 670 2569 ct
716 2519 982 2590 Riprandi
1033 2540 1126 2570 seu
1176 2520 1416 2574 XViberti
1464 2529 1634 2570 mater
1675 2529 1727 2569 et
1775 2519 1918 2580 filiis,
1951 2520 2043 2589 qui

198 2605 335 2656 113110
366 2606 625 2657 cartulam
653 2605 961 2658 offersionis
996 2607 1113 2658 fieri
1148 2617 1495 2679 rogaverunt,
1536 2617 1588 2658 ct
1622 2627 1808 2658 eorum
1843 2607 2043 2658 relecta

199 2703 297 2744 est.
340 2694 643 2745 Gandulsus
672 2695 961 2766 subcripsi.
1003 2696 1231 2766 Signum
1268 2696 1515 2746 manibus
1550 2696 2044 2766 suprascriptorum

199 2780 362 2832 Atoni
405 2793 457 2833 ct
506 2782 761 2834 Gandulfi
805 2803 898 2834 scu
941 2783 1256 2841 Gisclbcrti,
1298 2784 1388 2854 qui
1440 2783 1625 2834 cadem
1675 2782 2045 2854 Ermengarda

200 2869 432 2921 ienetrix
459 2880 510 2921 et
544 2871 657 2921 avia
701 2891 794 2922 scu
830 2872 989 2923 amita
1024 2891 1210 2923 corum
1253 2873 1728 2943 interrogavcrunt
1761 2881 1817 2922 ut
1860 2891 2038 2942 supra.

204 2958 431 3027 Signum
472 2959 718 3009 manibus
753 2959 922 3011 Adam
973 2970 1024 3010 01
1067 2959 1325 3014 Wilielmi
1379 2960 1631 3010 iermanis
1672 2960 1827 3010 ambo
1870 2959 2043 3030 legem

200 3044 439 3095 viventes
470 3046 684 3097 Saliclia
718 3057 902 3098 testes.
942 3047 1251 3098 Antoninus
1287 3047 1447 3098 iudex
1484 3048 1621 3098 sacri
1657 3047 1851 3118 palacii
1884 3067 2042 3118 roga-

201 3142 287 3183 tus
316 3133 632 3204 subscripsi.
658 3134 902 3186 Andreas
923 3135 1085 3186 iudex
1105 3135 1241 3186 sacri
1263 3135 1456 3206 palacii
1478 3145 1698 3206 rogatus
1720 3135 2037 3205 subscripsi.

203 3218 563 3271 Autecherius
591 3221 752 3272 iudex
779 3224 917 3273 sacri
959 3223 1153 3294 palacii
1181 3233 1400 3295 rogatus
1434 3223 1752 3293 subscripsi.
1784 3220 2042 3273 Arnulsus

202 3307 365 3359 iudex
384 3319 603 3380 rogatus
641 3309 960 3380 subscripsi.
993 3311 1230 3362 Ubertus
1269 3310 1430 3361 iudex
1462 3321 1683 3382 rogatus
1720 3310 2037 3380 subscripsi.

205 3395 319 3467 Ego
361 3396 450 3466 qui
495 3416 655 3467 supra
709 3397 1027 3469 Sigesrcdus
1078 3398 1319 3449 notarius
1375 3399 1513 3449 sacri
1563 3398 1756 3468 palacii
1811 3398 2044 3468 scriptor

1757 3501 1810 3541 14
