2259 3692
1115 249 1179 259 --
1216 221 1311 271 ⁴212
1350 253 1409 256 ——

335 346 450 398 viro
487 348 798 421 Sigofredo,
838 368 957 398 011111
1007 348 1260 409 Erleuba,
1308 368 1474 398 uxore
1514 369 1627 410 sua,
1667 349 1828 400 cartis
1870 361 1922 400 et
1970 349 2186 401 indiciis

338 435 777 498 evidentissimis,
824 456 924 507 pro
961 456 1177 487 suarum
1227 436 1604 507 redemptione
1648 438 1966 500 animarum,
2016 438 2187 490 sancti

337 524 666 576 monasterio
693 524 929 578 Victoris
960 525 1152 576 abbata
1180 525 1235 575 in
1267 524 1658 577 helemosinam
1684 526 1937 587 traditur,
1969 527 2184 588 iterum,

338 611 503 685 longo
550 623 675 684 post
717 623 983 684 tempore,
1022 613 1301 665 destructo
1336 614 1692 675 monasterio,
1744 615 1808 666 ab
1845 615 2033 666 eodem
2069 615 2187 666 loco

340 711 525 752 sancto
574 702 875 762 subtracta,
929 712 981 752 et
1038 722 1064 753 a
1113 702 1437 773 quibusdam
1486 703 1798 754 hominibus
1848 703 2047 774 injuste
2097 703 2185 755 diu

337 809 609 861 possessa,
641 789 917 841 modernis
950 791 1310 862 temporibUS,
1344 791 1595 862 qualiter,
1634 793 1751 842 Deo
1787 791 2098 853 auxiliante,
2137 802 2189 842 et
2250 828 2252 834 ,

340 878 693 930 nobilissimis
719 878 868 940 viris,
907 879 1165 934 Vt’ilelmo
1210 879 1417 931 scilicet
1450 890 1501 931 et
1535 880 1795 941 Fulcone,
1838 879 2003 931 fratre
2049 881 2184 950 ejus,

337 966 454 1018 zelo
488 967 590 1018 Dei
625 967 887 1028 300011515,
918 967 974 1018 id
1009 968 1316 1040 agentibus,
1356 968 1531 1019 eidem
1567 979 1752 1019 5311010
1781 968 1900 1019 1000
1937 968 2003 1019 511
2037 968 2188 1019 resti-

337 1065 471 1113 tuta,
532 1055 615 1106 his
672 1055 889 1126 scriptis
948 1055 1139 1107 indere
1186 1057 1488 1107 statuimus.
1546 1057 1789 1122 Quadam
1840 1057 2021 1128 itaque
2080 1056 2184 1112 die,

338 1154 584 1214 tempore
613 1143 1060 1216 Quadragesime,
1094 1145 1310 1215 quando
1331 1145 1599 1206 homineS,
1632 1146 1723 1216 qui
1752 1146 2048 1196 christiano
2070 1165 2188 1196 cen-

341 1242 529 1283 sentur
563 1231 802 1293 nomine,
843 1231 981 1282 solet
1026 1232 1220 1305 religio
1256 1233 1491 1283 nominis
1536 1234 1698 1304 hujus
1732 1254 1841 1284 11011
1875 1234 2035 1284 modo
2069 1253 2190 1285 sua-

341 1320 470 1371 dere
489 1320 668 1391 pravis
690 1320 755 1371 ab
783 1320 1015 1382 actibus,
1042 1320 1172 1391 quin
1198 1341 1376 1392 ymmo
1398 1322 1463 1372 ab
1483 1321 1616 1392 ipsis
1643 1342 1825 1373 rerum
1852 1332 2191 1373 terrenarum

342 1409 718 1460 communibus
767 1419 1073 1480 temperare
1123 1410 1297 1471 curiS,
1348 1410 1717 1462 residentibus
1768 1411 1992 1482 hujusce
2034 1430 2190 1461 031153

340 1497 623 1570 religionis
659 1497 988 1569 supradictis
1022 1498 1386 1570 principibus,
1435 1499 1604 1550 altero
1645 1501 1795 1571 juxta
1839 1499 2021 1550 sedem
2055 1501 2190 1551 Mas-

343 1585 639 1648 siliensem,
695 1586 865 1637 altero
914 1587 968 1637 in
1026 1587 1356 1638 monasterio
1417 1588 1589 1638 sancti
1637 1588 1872 1641 Victoris
1902 1611 1911 1651 3
1973 1588 2189 1659 quidam

343 1673 536 1725 fratres
572 1675 888 1726 monasterii
923 1686 1188 1747 ceperunt
1219 1686 1405 1727 mutuo
1456 1676 1624 1747 loqui,
1663 1676 1810 1748 quod
1858 1676 2131 1728 licentiam
2166 1695 2190 1726 a

343 1764 458 1814 Deo
504 1763 662 1814 nobis
706 1763 955 1815 collatam
1004 1763 1266 1835 loquendi
1310 1764 1453 1835 apud
1500 1765 1778 1836 principes
1828 1765 2187 1838 negleginiuS‚

342 1852 630 1923 presertim
675 1872 795 1903 cum
844 1852 1056 1924 reliquo
1102 1853 1269 1904 totius
1319 1853 1443 1904 anni
1489 1863 1735 1925 tempore
1788 1873 1897 1905 11011
1941 1863 2193 1925 suppetat

344 1939 587 1991 facultas,
617 1940 986 2011 Requirantur
1007 1961 1137 2014 ergo
1166 1952 1311 1993 carte
1337 1962 1441 2013 que
1471 1942 1820 1993 continentur
1840 1942 1894 1992 in
1921 1941 2189 2002 sacrariis,

343 2038 395 2079 et
420 2028 697 2080 videamus
732 2029 775 2079 si
810 2028 948 2080 forte
984 2029 1116 2100 quid
1151 2031 1495 2101 repperiatur
1534 2031 1588 2080 in
1625 2031 1700 2081 eis
1738 2030 1803 2082 de
1836 2031 1997 2082 terris
2040 2049 2194 2081 sanc-

342 2116 551 2178 tuariis,
591 2116 738 2188 quod
781 2116 872 2167 diu
922 2118 1286 2168 substractum
1323 2139 1347 2168 a
1379 2120 1500 2189 jure
1535 2119 1716 2169 altaris
1752 2119 2094 2189 possideatur
2129 2118 2194 2169 ab

343 2205 656 2255 hominibus
687 2205 794 2255 vite
830 2205 1108 2265 secularis,
1149 2205 1424 2277 quodque,
1464 2226 1583 2257 cum
1626 2206 1895 2277 adjutorio
1936 2206 2038 2257 Dei
2079 2225 2193 2256 om-

345 2292 662 2364 nipotentis,
717 2304 769 2344 et
818 2314 1004 2344 eorum
1038 2294 1404 2365 prudentibus
1454 2295 1716 2356 consiliis,
1764 2294 1937 2366 possit
1979 2294 2191 2345 restitui

338 2381 448 2452 juri
477 2381 677 2432 altaris.
719 2382 879 2448 Quod
912 2382 1004 2443 ita,
1045 2382 1255 2434 favente
1283 2385 1419 2445 Deo,
1453 2383 1649 2434 sactum
1678 2393 1776 2434 est.
1809 2385 1941 2434 Nam
1963 2382 2192 2454 quedam

344 2470 565 2541 antiqua
591 2469 809 2521 inventa
844 2481 925 2521 est
960 2481 1125 2532 carta,
1158 2471 1212 2522 in
1257 2492 1361 2542 qua
1389 2472 1772 2523 continebatur
1808 2471 1954 2543 quod
2003 2490 2192 2542 supra-

345 2557 521 2609 dictus
554 2558 633 2609 vir
678 2558 1068 2621 nobilissimus,
1112 2559 1453 2632 Sigofredus,
1493 2571 1545 2611 et
1579 2580 1713 2611 uxor
1751 2561 1885 2631 ejus,
1934 2559 2188 2619 Erleuba,

342 2646 643 2718 predictam
668 2646 867 2708 villam,
897 2668 996 2718 pro
1032 2648 1407 2719 redemptione
1436 2649 1731 2700 animarum
1759 2668 1994 2708 suarum,
2027 2647 2193 2698 dede-

344 2745 464 2785 rant
503 2735 831 2785 monasterio
875 2736 1047 2787 sancti
1087 2737 1342 2797 Yictoris,
1395 2748 1639 2807 tempore
1683 2736 1911 2787 Hlotarii
1961 2736 2192 2805 impera-

343 2822 477 2872 toris
502 2820 531 2872 ¹.
565 2824 681 2887 Qua
715 2823 973 2893 perlecta,
1006 2824 1059 2874 in
1096 2824 1316 2874 auribus
1350 2825 1659 2895 principum
1688 2835 1739 2874 et
1766 2843 1950 2873 eorum
1980 2821 2192 2872 karissi-

345 2929 550 2961 marum
577 2912 887 2982 conjugum,
912 2911 1267 2962 laudaverunt
1293 2912 1483 2972 virum,
1510 2912 1602 2982 qui
1629 2922 1836 2962 tantuin
1865 2909 2192 2961 monasterio

347 2998 651 3049 contulerat
701 2998 922 3050 donum.
962 3001 1028 3049 Et
1084 3000 1452 3069 prcnniserunt
1499 3021 1573 3061 se,
1627 3020 1725 3070 pro
1777 3019 1956 3049 amore
1992 2999 2092 3048 Dei
2142 3007 2194 3048 et

349 3086 534 3137 Sancti
567 3086 824 3146 Yictoris,
864 3087 1010 3157 ipsos
1035 3087 1282 3138 homines
1310 3089 1460 3159 prius
1488 3088 1852 3159 justitiaturos
1881 3107 2038 3158 quam
2066 3085 2192 3136 inde

1212 3174 1227 3192 ε)

347 3172 670 3246 colligerent
697 3173 902 3225 fructus
936 3185 1192 3226 venturos
1213 3195 1245 3227 ·.
1286 3177 1478 3228 Tercio
1505 3196 1736 3248 namque
1765 3176 1850 3227 die
1886 3185 2007 3226 ante
2042 3173 2192 3225 festi-

409 3387 448 3426 1.
490 3385 605 3427 C’est
631 3384 676 3428 la
698 3386 821 3445 piece
844 3397 892 3428 n⁰
919 3390 971 3430 28
996 3387 1050 3429 de
1078 3404 1123 3430 ce
1150 3390 1285 3431 me¹me
1309 3389 1577 3439 cartulaire,
1608 3388 1672 3432 du
1696 3390 1751 3431 24
1767 3388 1873 3445 juin
1901 3389 2000 3431 840.

409 3446 446 3485 2.
487 3446 523 3484 Α
552 3459 829 3502 remarquer,
855 3445 964 3504 plns
993 3446 1091 3501 bas,
1124 3447 1170 3489 la
1195 3463 1330 3506 prose
1357 3450 1507 3490 rc'me'e.
