2259 3692
945 147 1240 198 -177-

175 297 272 348 per
319 273 688 348 potestatem¹‚
743 275 880 325 sicut
931 275 981 324 in
1038 274 1425 344 proprietatem
1482 275 1793 326 monasterii
1848 277 2018 327 sancti

176 364 408 416 Zenonis
466 363 640 415 facere
697 362 963 422 debebat,
1032 362 1236 431 absque
1300 361 1525 412 alicuius
1590 363 2020 414 contradictione

174 452 427 503 hominis,

249 541 314 591 Et
344 540 482 591 sicut
507 537 909 590 investituram2
937 538 1146 610 accepit
1165 539 1230 590 de
1252 538 1623 610 suprascripto
1650 537 1768 589 loco
1785 539 2016 600 Virolas‚

177 628 426 679 similiter
460 628 669 698 recepit
701 638 754 678 et
788 627 853 677 de
888 626 1018 677 alias
1062 647 1168 688 res,
1216 627 1354 678 sicut
1395 627 1449 677 in
1493 626 1608 697 ipsa
1654 627 2018 698 suprascripta

175 716 380 768 cartula
414 715 723 766 offersionis
757 726 809 766 et
848 714 1164 766 donacionis
1199 715 1581 766 continebatur
1619 725 1671 765 et
1714 714 2016 786 legebatur,

178 805 232 855 in
288 805 559 876 integrum
581 846 591 865 ,
652 814 711 854 ut
773 823 935 874 supra
993 802 1132 874 dixi,
1201 803 1316 854 sine
1381 802 1529 853 omni
1591 802 2022 854 contradictione

176 892 474 943 hominum.

247 981 467 1031 Factum
518 979 619 1030 fuit
667 979 722 1030 in
770 978 1054 1050 presencia
1096 978 1162 1030 de
1212 979 1706 1050 suprascriptorum
1755 979 2022 1030 bonorum

172 1068 470 1129 hominum,
509 1087 649 1119 anno
696 1087 823 1118 vero
850 1067 1005 1140 regni
1041 1067 1225 1118 domni
1258 1067 1577 1139 Berengarii
1604 1067 1748 1139 regis
1774 1067 2022 1140 vigisimo

177 1167 370 1227 quarto
413 1157 512 1207 sub
548 1156 634 1207 die
669 1165 819 1207 sexto
862 1155 1071 1206 decimo
1115 1155 1386 1207 Kalendas
1422 1155 1690 1206 Octobres
1723 1155 2023 1206 indictione

177 1245 365 1315 quinta
398 1244 623 1295 decima.

250 1334 363 1404 Ego
392 1332 692 1404 Gregorius
727 1332 802 1382 ibi
830 1331 904 1383 fui
932 1342 985 1383 et
1010 1351 1169 1383 manu
1197 1352 1312 1383 mea
1340 1331 1656 1403 subscripsi.
1691 1333 1805 1405 Ego
1834 1331 2022 1383 Leudi-

177 1420 364 1471 bertus
393 1420 653 1471 diaconus
687 1420 763 1470 ibi
790 1419 865 1470 fui
893 1431 946 1471 et
979 1440 1140 1471 manu
1175 1440 1291 1471 mea
1318 1420 1608 1491 subcripsi.

252 1509 479 1580 Signum
514 1510 551 1576 ἦ
590 1528 778 1559 manus
817 1508 1174 1579 suprascripti
1209 1508 1498 1569 Guntardi‚
1537 1508 1627 1579 qui
1656 1508 1730 1558 ibi
1756 1507 1856 1559 fuit
1883 1519 1935 1560 et
1968 1509 2022 1559 in

176 1597 321 1647 hunc
359 1597 576 1647 brevem
615 1616 830 1647 manum
867 1617 1015 1647 suam
1044 1597 1243 1668 posuit.
1291 1597 1519 1668 Signum
1545 1600 1798 1665 ν1111611113
1833 1617 2023 1668 supra-

183 1684 373 1755 scripti
393 1684 730 1746 Teudiberti,
757 1684 849 1755 qui
869 1685 945 1735 ibi
965 1684 1065 1735 fuit
1084 1695 1136 1735 et
1163 1685 1381 1735 1111111116
1402 1685 1619 1735 brevem
1639 1704 1854 1735 manum
1876 1705 2023 1735 suam

178 1773 377 1843 posuit.
421 1773 649 1844 Signum
676 1775 714 1841 ἦ·
742 1793 900 1823 manu
929 1773 1286 1844 suprascripti
1314 1772 1662 1843 Gisemperti,
1697 1773 1789 1843 qui
1816 1773 1891 1823 ibi
1925 1772 2025 1824 fuit

178 1871 230 1911 et
270 1861 324 1910 in
364 1861 509 1911 hunc
552 1861 770 1912 brevem
810 1881 1024 1912 manum
1068 1881 1215 1912 suam
1253 1861 1453 1931 posuit.
1496 1861 1723 1932 Signum
1761 1863 1799 1930 ἦ·
1837 1880 2025 1912 manus

179 1949 537 2019 suprascripti
591 1949 897 2009 Audiberti,
960 1949 1051 2021 qui
1108 1949 1183 1999 ibi
1239 1948 1340 1999 suit
1396 1959 1448 1999 et
1503 1949 1557 2000 in
1615 1949 1759 2000 hunc
1807 1949 2025 2000 brevem

180 2056 395 2087 manum
429 2057 577 2087 suam
611 2037 811 2107 posuit.

252 2125 366 2196 Ego
419 2124 687 2176 Rodulfus
737 2125 966 2177 clericus
1015 2136 1175 2196 atque
1231 2126 1474 2177 notarius
1522 2125 1598 2176 ibi
1656 2124 1731 2176 fui
1783 2136 1835 2176 et
1886 2126 2026 2176 hanc

178 2212 432 2263 noticiam
459 2211 669 2264 brevis3
696 2214 890 2285 scripsi
924 2224 977 2265 et
1010 2213 1292 2285 complevi.

244 3101 285 3139 1.
319 3100 486 3140 Auo-es
510 3101 678 3155 formes
704 3099 758 3142 de
776 3102 902 3160 prise
924 3101 977 3144 de
1000 3103 1293 3160 possession:
1310 3118 1392 3162 per
1409 3102 1638 3160 columna,
1667 3118 1748 3162 per
1766 3105 1917 3160 furca,
1940 3110 2022 3145 etc.

244 3166 285 3205 2.
321 3165 402 3213 Ici,
446 3166 628 3221 signifie
666 3168 965 3224 possession.-
1006 3170 1281 3211 Inwestc'tura
1319 3171 1506 3228 proprie
1551 3168 1724 3211 (licitur
1769 3170 2020 3228 possessio,

184 3231 238 3270 II
259 3229 418 3287 Feud„
447 3233 471 3272 2
494 3246 567 3289 pr.
598 3232 794 3289 (Kolzler,
825 3234 901 3274 cit.
927 3249 976 3291 p.
1007 3237 1075 3283 18,
1105 3241 1205 3277 note
1233 3237 1253 3276 1
1283 3242 1322 3276 et
1349 3237 1410 3289 2.)

243 3298 280 3337 3.
325 3296 439 3338 C'est
462 3311 526 3349 1ch
548 3297 688 3340 breve
715 3312 772 3340 οιι
798 3300 944 3341 notice
961 3314 1084 3359 pour
1108 3301 1260 3357 servir,
1290 3314 1352 3343 au
1381 3301 1550 3356 besoin,
1582 3300 1636 3343 de
1658 3317 1821 3360 prelwe
1850 3302 2024 3343 instru-

184 3363 417 3418 mentaire,
444 3370 484 3404 et
510 3377 597 3404 ηοη
627 3379 710 3405 une
737 3364 908 3406 charte.

1738 3457 1791 3496 12
