2259 3692
922 155 1150 202 ,7.-

117 283 356 342 nencias,
388 279 533 352 quod
566 280 672 350 ipsi
703 280 782 330 illi
823 280 1056 340 dicebat,
1094 290 1223 350 aput
1262 280 1382 350 ipso
1414 301 1707 353 numquam
1745 283 1952 334 habuit.

117 370 303 423 Visum
337 369 437 419 suit
470 369 640 440 ipsius
673 369 885 427 abbate,
917 378 974 418 ut
1008 367 1134 418 dum
1160 369 1263 419 hoc
1294 368 1604 440 denegabit,
1637 370 1782 440 quod
1815 371 1958 440 ipsas

118 457 508 507 convenencias
542 476 832 527 numque-,m
865 455 1072 516 habuit,
1106 466 1163 506 ut
1196 466 1324 526 aput
1357 456 1604 507 homines
1638 467 1820 508 tantus
1854 458 1959 528 ipsi

116 544 195 595 illi
238 545 293 595 in
338 545 571 595 basileca
614 543 797 594 domni
842 543 986 593 illius
1032 563 1287 593 excusare
1330 542 1573 603 deberet,
1620 544 1765 614 quod
1815 545 1959 615 ipsas

118 632 508 685 convenencias
543 632 684 682 inter
719 651 773 681 se
817 650 1109 700 numquam
1143 630 1480 680 habuissent.
1532 632 1600 682 Se
1643 631 1746 682 hoc
1781 631 1958 682 facere

115 722 355 793 potebat,
397 719 659 790 precium,
699 718 844 789 quod
887 718 951 768 dc
994 718 1112 788 ipso
1156 718 1247 768 illo
1285 718 1575 788 acciperet,
1615 719 1695 768 aei
1730 719 1958 770 reddere

117 809 327 871 debiat3
377 809 458 858 sin
518 817 694 857 autem
742 826 851 859 nou
900 816 1221 876 potuerunt,
1269 815 1454 856 contra
1504 806 1623 876 ipso
1671 806 1958 858 emendare

117 896 331 948 stodiat..

117 1153 185 1200 N⁰
209 1156 263 1202 6.
313 1150 480 1200 Titres
506 1156 553 1199 el
582 1150 756 1215 picco-s
774 1148 973 1215 perdas
1011 1167 1072 1197 011
1100 1148 1317 1197 cle'truim
1346 1167 1450 1215 par
1476 1167 1561 1197 cas
1597 1148 1658 1198 cle
1683 1149 1828 1215 force
1856 1167 1960 1198 ma—

169 1233 344 1298 jeure.
377 1230 669 1279 Proce'clure
695 1232 724 1278 ἐι
749 1229 922 1278 suivre
946 1239 1086 1295 pour
1102 1247 1264 1295 parer
1290 1247 1395 1278 aar
1431 1229 1728 1297 dommaqes
1756 1229 1850 1298 qui
1885 1231 1961 1278 Γέ-

183 1312 373 1362 sultent
398 1311 458 1361 de
486 1317 613 1360 cette
630 1317 798 1377 perte.
828 1310 1027 1359 Notice.

545 1464 620 1529 (Z.
649 1465 724 1526 32)
755 1464 929 1510 Form.
959 1463 1153 1511 Andec.
1186 1464 1265 1528 (R.
1307 1462 1368 1511 G.
1399 1464 1532 1527 407).

681 1618 880 1688 Incipit
906 1618 1031 1668 item
1069 1618 1383 1688 appennis¹.

190 1737 562 1807 Quicumquac
589 1735 655 1786 ad
680 1735 1033 1795 latruncolUS,
1073 1735 1523 1796 sceleratorebUS,
1556 1736 1838 1788 sediciosis
1866 1758 1959 1789 seu

116 1824 487 1885 incendiariis,
533 1825 588 1874 in
631 1844 733 1894 qua
780 1823 1059 1894 provincia
1106 1823 1157 1873 vi
1203 1833 1292 1874 aut
1334 1822 1587 1874 damnum
1628 1825 1955 1895 pertullerit,

118 1913 320 1983 oportit
352 1913 454 1962 hoc
482 1911 657 1962 eidem
688 1922 928 1962 rectores
956 1911 1151 1961 civium
1178 1931 1269 1961 seu
1298 1911 1515 1962 curialis
1542 1913 1873 1983 provinciae,
1905 1914 1960 1964 in

116 2021 218 2072 qua
237 2010 607 2071 perpetratum
630 1999 792 2050 fuerit
813 1999 1140 2070 perhibitur,
1165 1999 1341 2069 palam
1362 2000 1649 2051 ostendere
1670 2011 1722 2051 et
1743 2002 1962 2072 puplica

116 2088 597 2139 denonciacionem
631 2087 994 2138 manifestare.
1028 2087 1199 2159 Igitur
1228 2107 1348 2137 cum
1384 2108 1484 2158 pro
1519 2088 1765 2139 udilitate
1793 2089 1960 2140 eccle-

117 2177 224 2227 siae
250 2176 333 2226 vel
366 2176 669 2246 principale
699 2175 931 2247 negucio
967 2175 1311 2245 apostolecus
1337 2175 1417 2226 vir
1453 2176 1682 2226 domnus
1718 2177 1795 2227 illi
1824 2178 1960 2248 epis·

117 2283 283 2334 copus
324 2283 423 2314 nec
469 2283 577 2313 non
622 2274 674 2313 et
717 2263 949 2313 inlustro
988 2263 1068 2313 vir
1104 2263 1182 2313 illi
1217 2283 1401 2313 comus
1435 2263 1489 2314 in
1524 2264 1749 2315 civetate
1784 2264 1960 2315 Ande-

116 2371 240 2402 cave
269 2371 388 2402 cum
415 2351 640 2421 reliquis
667 2350 1070 2401 venerabilibus
1097 2361 1289 2420 atquae
1316 2351 1618 2423 magnificis
1646 2353 1724 2402 rei
1751 2352 1960 2423 puplici

116 2438 244 2488 viris
294 2437 592 2497 resedissit,
640 2438 824 2508 ibique
872 2437 1095 2487 veniens
1143 2438 1324 2497 homo,
1379 2458 1575 2489 nomen
1632 2439 1729 2500 illi,
1784 2440 1959 2510 palam

119 2536 431 2597 suggerent,
462 2546 524 2576 00
553 2525 699 2596 quod
733 2525 867 2575 male
901 2525 1148 2575 homines
1182 2546 1279 2596 per
1306 2537 1486 2577 cecata
1506 2525 1522 2551 ²
1547 2537 1706 2578 nocte
1740 2527 1806 2578 ad
1840 2548 1959 2579 casa

118 2633 229 2673 sua,
260 2613 314 2663 in
350 2613 468 2664 loco
497 2623 841 2683 noncupante
875 2613 988 2673 illo,
1021 2612 1384 2674 advenissent,
1416 2625 1467 2665 et
1502 2615 1637 2666 ostia
1665 2635 1758 2666 sua
1784 2615 1959 2685 frigis-

117 2712 254 2761 sent,
285 2702 367 2752 vel
402 2722 486 2752 res
530 2722 669 2761 suas,
700 2721 906 2761 aurum,
946 2712 1248 2773 argentum,
1289 2702 1517 2772 specieS,
1555 2703 1956 2767 vestimentum,

118 2787 504 2840 fabricaturas3
539 2809 678 2850 suas,
724 2809 847 2840 vasa
893 2789 1056 2840 berea
1104 2789 1186 2840 vel
1228 2790 1454 2861 reliquis
1495 2811 1580 2841 res
1624 2791 1959 2862 quampluris

177 2973 216 3012 1.
258 2972 321 3012 On
350 2979 580 3014 reucontre
616 2971 808 3014 ailleurs
833 2988 846 3013 .·
871 2973 1035 3028 incipit
1061 2973 1230 3014 noticia
1252 2973 1308 3014 ad
1336 2988 1551 3030 appenno
1572 2974 1771 3016 firmare.
1800 2975 1962 3017 C'e‘tait

118 3034 197 3076 des
224 3052 239 3073 α
268 3037 459 3092 affin-hes
477 3037 724 3095 puhliques
754 3056 787 3080 ι.
819 3038 1002 3094 Voirfin
1038 3038 1092 3080 de
1116 3037 1162 3080 la
1191 3040 1396 3097 pre'sente
1420 3038 1614 3094 formale
1635 3055 1647 3080 .·
1676 3040 1721 3080 in
1749 3040 1848 3081 foro
1875 3057 1959 3096 pu-

120 3102 239 3157 plico
270 3103 574 3156 suspenditur
600 3110 639 3144 et
689 3105 807 3144 facto
843 3104 1060 3160 appendi,
1109 3121 1123 3141 α
1172 3105 1262 3159 fait
1305 3105 1488 3158 afficleel·
1534 3123 1568 3145 n.
1623 3106 1726 3162 Voy.
1774 3109 1962 3148 Zeumer

59 3187 64 3190 ·
122 3184 137 3206 «
176 3166 314 3208 [seber
336 3166 419 3208 den
444 3170 610 3209 Ersatz
637 3168 881 3210 vet-loreum·
913 3169 1153 3212 Urlmndeu
1186 3189 1199 3209 n
1231 3171 1474 3225 (Zeitsclzr.
1509 3171 1720 3230 Sat'igny,
1762 3174 1787 3211 l
1814 3174 1957 3215 Germ.

116 3232 257 3274 Abth.
293 3248 338 3290 p.
374 3235 426 3275 89
454 3240 493 3274 el
523 3234 678 3289 suisa).

176 3301 216 3339 2.
252 3298 365 3340 Nccit
391 3297 593 3354 aveugle,
615 3299 754 3340 noire.

177 3367 217 3407 3.
258 3363 411 3421 Objels
438 3363 687 3406 mobilc‘ers.
