2259 3692
880 165 1144 216 -12-

90 287 321 358 qualiter
363 288 542 359 aliqua
583 287 793 341 femena
826 291 1044 343 nomine
1078 292 1171 344 illa
1207 313 1361 347 servo
1394 307 1582 348 nostro
1614 318 1812 350 nomen
1844 299 1938 351 illo

88 374 154 426 ad
198 375 470 448 coiugium
515 377 804 447 copulavit,
850 389 903 430 et
947 379 1108 431 modo
1149 401 1248 433 nos
1293 384 1435 435 bona
1477 385 1769 438 volumtate
1815 407 1938 439 con-

87 463 254 525 venit,
297 474 375 525 ut,
421 465 677 535 quamdiu
726 466 944 537 quidam
992 467 1048 518 in
1099 470 1314 543 coiugio
1355 483 1481 523 sunt
1523 474 1776 545 copolati,
1821 476 1938 547 ipsa

88 549 298 603 femena
337 572 435 623 per
468 573 567 604 nos
601 573 710 604 non
745 554 928 606 debiat
968 575 1086 608 esse
1132 557 1456 611 declinatam
1501 561 1556 612 in
1599 563 1847 625 servicio,
1886 575 1939 616 et

88 640 333 712 agnacio,
365 660 420 692 se
449 661 513 692 ex
537 641 670 713 ipsis
696 654 981 713 procreata
1007 644 1188 707 fuerit,
1220 646 1288 698 ad
1312 647 1718 721 ingenuetatem
1747 651 1937 722 capitis

88 748 273 779 eorum
322 728 545 780 debiant
591 750 913 801 permanere
962 733 1218 806 ingenui3
1273 736 1603 808 si-quoque,
1649 749 1708 789 ut
1756 759 1812 790 se
1861 740 1938 791 eis

88 816 383 867 necessitas
411 817 592 879 fuerit,
626 819 692 869 ad
727 820 955 872 servicio
983 833 1143 893 caput
1176 843 1362 875 eorum
1396 825 1709 888 inclinatur,
1747 847 1856 878 non
1890 828 1940 879 ei

88 904 245 955 detur
272 905 499 957 licencia
532 907 637 957 nisi
663 907 729 958 ad
755 928 873 970 nos,
905 909 973 960 ad
1005 911 1227 962 heredis
1261 914 1462 964 nostris
1496 915 1934 986 propinquioris3

88 1003 141 1043 et
184 993 478 1064 peculiare,
525 995 672 1066 quod
713 1007 888 1048 stante
931 999 1186 1072 coniugio
1227 1000 1475 1053 laborare
1517 1003 1775 1074 potuerit,
1822 1004 1939 1075 ipsa

88 1080 299 1133 femena
324 1083 495 1134 tercia
520 1095 674 1154 parte
701 1085 895 1137 exinde
928 1087 1125 1138 habeat
1157 1089 1362 1160 absque
1390 1101 1575 1142 nostra
1602 1092 1939 1162 repeticione

86 1170 169 1221 vel
204 1170 426 1222 eredum
461 1182 790 1224 nostrorum.
837 1174 1049 1226 Deinde
1092 1176 1147 1226 in
1189 1177 1329 1228 hanc
1362 1179 1591 1249 epistola
1627 1180 1785 1231 nobis
1817 1180 1938 1231 inti-

88 1278 232 1309 mare
268 1260 537 1321 convenit,
571 1280 626 1311 se
660 1281 758 1311 nos
792 1261 898 1332 ipsi
932 1273 1021 1314 aut
1062 1264 1280 1315 heredis
1314 1266 1397 1316 vel
1434 1267 1732 1338 propinqui
1765 1269 1940 1319 nostri

89 1366 183 1397 seu
209 1346 468 1417 quislibet
502 1349 750 1419 opposita
777 1370 1030 1420 persona,
1064 1352 1183 1422 quis
1211 1353 1278 1404 ad
1303 1353 1517 1404 traditis
1546 1356 1939 1407 convenencias

87 1434 204 1505 ipsa
236 1434 446 1486 femena
489 1437 887 1489 commodolare
930 1439 1162 1491 voluerit
1205 1452 1295 1492 aut
1337 1453 1525 1493 contra
1567 1443 1797 1514 epistola
1838 1445 1940 1495 hec

88 1543 268 1595 agere,
301 1523 387 1574 cui
411 1524 692 1595 timptator
718 1525 900 1588 fuerit,
934 1528 1151 1579 soledus
1184 1540 1366 1581 tantus
1395 1542 1685 1602 conponat,
1718 1543 1770 1583 et
1803 1532 1939 1583 nihil

88 1611 313 1662 vindicit
348 1623 400 1663 et
433 1613 579 1683 quod
612 1615 830 1685 repetit,
863 1617 1042 1667 etheo
1075 1618 1303 1689 epistola
1331 1619 1476 1669 omni
1508 1630 1753 1691 tempore
1787 1620 1939 1673 firma

88 1711 420 1770 permaneat.

90 1949 154 1996 Ν0
183 1954 274 1999 11.
314 1949 849 2015 Affranchissement,
878 1953 1006 2002 (lans
1035 1954 1230 2021 Z'e'fslzfse
1256 1954 1317 2004 (Ie
1347 1956 1629 2019 Clermont,
1657 1957 1864 2007 suivant
1891 1958 1938 2006 Ia

157 2029 224 2078 loc·
248 2031 493 2080 romaine.
517 2031 800 2081 Souvem'rs
819 2033 886 2082 clu
914 2034 1048 2084 droit
1075 2035 1352 2104 classique.
1376 2037 1613 2087 Ele'ment
1632 2038 1934 2088 coutumier.

160 2109 368 2161 Char-te.

545 2267 618 2331 (Z.
646 2269 692 2333 3)
722 2269 895 2317 Form.
926 2271 1144 2318 Arvern.
1177 2272 1259 2336 (R.
1294 2271 1354 2320 G.
1382 2273 1484 2338 64).

839 2411 1189 2463 Libertatem.

165 2499 225 2548 In
258 2498 361 2548 Dei
386 2517 584 2549 nomen
611 2519 712 2571 ego
746 2499 856 2550 ille.
890 2501 1139 2551 Metuens
1167 2520 1347 2552 casum
1373 2502 1701 2575 fragilitatis,
1732 2513 1784 2554 et
1812 2503 1939 2554 dum

90 2585 352 2657 fragilitas
390 2586 684 2637 humanum
721 2608 893 2659 genus
930 2589 1286 2658 pertimescit,
1317 2590 1566 2641 ultimum
1601 2591 1708 2642 vite
1734 2602 1938 2662 tempo-

91 2674 242 2724 ribus
267 2684 512 2734 ventura,
551 2686 784 2745 oportet,
817 2687 874 2726 ut
900 2696 1009 2726 non
1036 2677 1274 2728 inveniat
1311 2698 1752 2749 unumquemque
1790 2679 1937 2750 inpa-

92 2772 286 2822 ratum,
325 2782 391 2812 ne
421 2762 536 2813 sine
570 2763 765 2833 aliquis
801 2764 982 2834 operis
1016 2765 1219 2814 bonum
1247 2776 1575 2836 respectum,
1614 2767 1720 2817 nisi
1751 2767 1932 2828 homo,

93 2849 219 2900 (lum
246 2870 400 2900 suum
427 2850 542 2901 iure
569 2861 622 2901 et
646 2861 970 2921 potestatem
998 2853 1305 2918 [consistit],
1329 2865 1645 2925 prepararet
1672 2855 1776 2905 sibi
1799 2855 1937 2906 viam

92 3061 251 3103 liberte'
275 3069 315 3104 et
340 3063 367 3104 (ὶ
395 3062 501 3104 celle
529 3062 583 3105 de
610 3062 730 3105 leurs
753 3065 952 3119 enfants.
985 3064 1185 3106 Coucher
1211 3079 1238 3107 a
1265 3066 1339 3120 ici,
1370 3081 1420 3108 en
1449 3068 1562 3122 effet,
1601 3065 1639 3107 le
1672 3082 1775 3108 sens
1801 3065 1937 3109 dwa-

93 3127 220 3182 biter,
259 3127 395 3169 d'e‘tre
430 3128 664 3171 domicilie'
697 3129 976 3185 le'galement,
1015 3145 1182 3171 comme
1217 3146 1271 3173 on
1300 3131 1338 3172 le
1366 3132 1454 3173 voit
1474 3147 1567 3190 par
1593 3131 1639 3173 la
1664 3134 1800 3188 form.
1835 3132 1935 3175 Sal.

91 3193 272 3250 ΗΒΓΑ-οἶ,
305 3197 355 3236 31
387 3211 392 3235 :
424 3203 472 3235 ut
507 3210 669 3236 sccura
705 3211 808 3236 esse
838 3212 924 3236 una
960 3212 1059 3236 cum
1096 3197 1199 3252 ipso
1233 3198 1312 3238 illo
1353 3199 1471 3239 lcvct
1506 3205 1642 3254 atquc
1679 3199 1931 3240 conculcet.

96 3262 174 3300 Ces
201 3259 403 3302 (ἰωνιάν-3
436 3268 552 3303 mols
580 3261 853 3303 coudm'sent
878 3263 905 3303 ἁ
934 3261 1233 3320 l'exlnvsse'on
1261 3263 1503 3322 juridique
1534 3280 1549 3302 u
1582 3263 1728 3305 levant
1755 3271 1795 3305 et
1827 3279 1937 3305 cou-

92 3325 230 3367 oleant
269 3344 283 3366 »
313 3326 536 3385 employe'e
574 3342 665 3385 pat·
704 3328 1018 3370 Beaumanoc‘t·
1055 3336 1097 3370 et
1140 3328 1203 3370 les
1246 3330 1523 3372 coutumc'ers
1564 3329 1628 3371 dzc
1667 3340 1767 3370 x1110
1803 3329 1937 3390 siecle

91 3405 210 3449 pour
234 3390 445 3449 de'signel·
470 3392 733 3450 l'leabitant,
765 3392 803 3434 le
829 3393 1072 3436 domicilie'.
1107 3396 1209 3452 Voy.
1239 3398 1305 3451 (R.
1343 3395 1412 3451 G.)
1436 3411 1485 3455 p.
1517 3397 1614 3445 129,
1641 3410 1683 3439 n.
1713 3410 1758 3438 α.
