2259 3692
941 108 1198 157 „73—

147 231 331 283 labore
365 242 417 282 et
450 231 718 282 adiutorio
753 231 1047 283 amicorum
1082 252 1301 283 suorum
1342 231 1556 303 legibus
1591 233 1990 303 conprehendit

146 331 198 372 et
224 320 490 390 stirpavit,
527 319 583 370 id
609 330 690 370 est
715 319 769 370 in
805 320 924 371 loco
960 320 1051 391 qui
1076 320 1273 371 dicitur
1306 319 1571 391 Uuidapa,
1600 320 1655 370 in
1680 320 1805 372 villa
1835 321 1987 373 Sale-

144 410 287 469 hem,
327 419 378 458 et
418 418 606 478 postca
640 408 950 479 postulavit,
988 419 1046 459 ut
1096 408 1372 459 dimidiam
1414 409 1584 479 ipsam
1627 410 1987 480 comprehen-

144 495 376 548 sione1n¹
418 496 471 546 in
514 495 838 547 beneficium
873 497 1119 568 accipere
1162 497 1387 547 deberet
1427 496 1619 547 dicbus
1659 498 1765 548 vite
1801 518 1893 548 sue
1935 508 1987 548 et

142 585 237 636 filii
273 584 355 635 sui
382 585 481 634 sub
516 605 614 635 usu
651 584 952 646 fructifero,
992 585 1047 636 id
1081 596 1162 636 est
1197 585 1445 636 dcmcdio
1481 585 1655 636 solido
1682 606 1779 656 per
1807 586 1984 658 singu-

141 674 220 724 los
256 693 425 724 annos
459 672 525 723 ad
559 693 720 744 pasca
753 673 973 724 Domini
1007 673 1073 724 ad
1107 673 1443 745 supradictas
1477 673 1754 744 reliquias,
1794 695 1896 744 que
1930 675 1985 725 in

141 761 331 812 eodem
366 761 485 811 loco
512 761 765 832 ponende
794 772 919 812 sunt
953 761 1019 813 ad
1052 762 1252 813 lumina
1288 761 1651 833 conparanda.
1684 763 1763 813 lta
1796 772 1849 813 et
1882 760 1985 812 seci

140 870 240 921 ego
277 849 520 900 modicus
555 850 692 901 abba
736 850 1058 921 Liudgcrus,
1096 851 1311 921 prestiti
1354 851 1401 901 ei
1437 850 1725 901 dimediam
1761 870 1984 921 conpre-

138 938 459 989 hcnsionem
508 937 654 989 illam
687 959 696 988 :
729 938 781 988 in
818 959 877 989 ca
924 939 1152 1000 ratione,
1191 949 1249 989 ut
1283 939 1475 990 diebus
1516 939 1622 990 vite
1658 960 1751 990 sue
1796 949 1848 990 et
1888 938 1985 989 filii

138 1026 219 1076 sui
253 1026 521 1077 meliorati
549 1026 679 1076 fiant
704 1047 789 1077 res
817 1027 932 1097 ipse
961 1048 1064 1098 quc
1092 1027 1158 1078 ad
1185 1028 1410 1078 eandem
1439 1028 1983 1098 comprehensionem

137 1114 447 1184 respitiunt,
480 1115 684 1184 absque
740 1115 848 1165 ulla
898 1115 1251 1166 distractione
1287 1126 1337 1166 et
1373 1116 1805 1191 contradictione
1860 1128 1983 1188 post

136 1202 342 1253 obitum
377 1202 617 1272 ipsorum
660 1202 725 1253 ad
761 1203 1098 1273 supradictas
1140 1204 1397 1274 reliquias
1439 1224 1524 1254 res
1567 1204 1682 1274 ipse.
1717 1204 1982 1256 immelio—

134 1300 247 1341 rate
281 1300 621 1340 revertantur
649 1302 700 1341 et
735 1291 786 1341 in
824 1312 978 1342 usum
1006 1312 1283 1342 servorum
1317 1292 1438 1353 Dei,
1479 1292 1571 1362 qui
1605 1292 1820 1343 casdem
1853 1293 1981 1344 reli-

135 1378 287 1449 quias
331 1398 645 1449 procurare,
685 1381 801 1430 Deo
852 1380 1136 1451 largiente,
1183 1391 1235 1431 et
1285 1381 1558 1431 custodire
1608 1392 1884 1432 merentur
1925 1382 1980 1432 in

133 1477 431 1537 posterum.
464 1467 598 1518 Acta
634 1478 715 1518 est
749 1479 926 1519 autem
954 1469 1054 1519 hec
1082 1469 1346 1539 prestaria
1379 1469 1597 1540 puplice
1632 1470 1687 1520 in
1715 1470 1833 1521 loco
1861 1471 1980 1541 ipso

135 1554 226 1624 qui
270 1555 469 1605 dicitur
519 1556 759 1627 [uivapa
804 1557 903 1607 sub
946 1556 1032 1607 die
1069 1558 1096 1607 8
1133 1557 1253 1607 idus
1287 1558 1475 1618 Maias,
1522 1578 1662 1608 anno
1704 1559 1979 1609 tricesimo

647 1645 728 1717 gis
766 1645 929 1696 Carli.
972 1646 1086 1716 Ego
1131 1646 1433 1717 Liudgcrus
1477 1647 1613 1697 abba
1656 1647 1974 1718 subscripsi.

136 1731 364 1803 Signum
399 1733 715 1784 Gerusalem
748 1734 1060 1804 presbiteri.
1103 1735 1158 1785 S.
1199 1734 1466 1806 Hardgcri
1505 1735 1708 1795 clerici,
1751 1736 1806 1786 S.
1846 1735 1979 1787 Uul-

131 1819 249 1890 geri
283 1820 484 1880 clerici,
528 1822 581 1872 S.
617 1822 910 1873 Guntbcrti
951 1822 1153 1882 clerici,
1190 1823 1244 1873 S.
1284 1824 1463 1873 Bocco
1499 1823 1701 1883 clerici,
1744 1824 1799 1874 S.
1841 1826 1979 1876 Ger-

132 1906 237 1957 srid
273 1908 474 1959 clerici.
510 1911 623 1981 Ego
658 1911 1020 1962 Uuambcrtus
1048 1910 1277 1961 clericus
1306 1911 1623 1982 subscripsi.

132 1643 295 1693 tertio
330 1643 556 1715 gloriosi
584 1665 640 1694 re

131 2169 197 2216 N⁰
238 2174 331 2221 65.
390 2171 703 2221 Permission
747 2173 807 2222 de
847 2173 1111 2240 (Iefricher
1155 2193 1219 2223 un
1265 2174 1361 2224 lieu
1411 2175 1581 2224 de'sert
1626 2175 1869 2225 accordee
1916 2195 1977 2226 οη

727 2259 960 2304 (1111110110.
995 2256 1092 2307 (An
1122 2257 1378 2313 814-825.>

1000 2309 1006 2320 x
1366 2315 1372 2321 t

674 2410 815 2458 Cart.
847 2411 1028 2459 Redon
1055 2420 1109 2458 11Ο
1136 2412 1433 2460 CCLXVII.

203 2574 345 2622 Haec
381 2581 526 2622 carta
548 2571 752 2623 indicat
779 2584 939 2644 atque
975 2585 1258 2625 conservat
1289 2574 1520 2644 qualiter
1545 2575 1691 2625 venit
1724 2576 1802 2625 vir
1826 2577 1973 2627 Uuo-

127 2659 339 2710 ruuelet
380 2659 446 2710 ad
492 2661 849 2711 Iarnhitinum
900 2661 1321 2712 11111011’[101Ἷ111111Ξ
1369 2682 1598 2732 querere
1651 2663 1827 2713 locum
1879 2663 1996 2713 ubi'

126 2758 346 2818 peccata
383 2768 474 2798 sua
509 2748 805 2818 penitcret3
845 2760 896 2799 ct
930 2750 1045 2820 ipse
1082 2750 1346 2800 Iarnhitin
1381 2750 1530 2801 dedit
1564 2751 1642 2800 illi
1670 2751 1845 2801 10011111
1881 2751 1972 2821 qui

108 2835 326 2894 ,dicitur
362 2836 582 2907 Rosgal,
614 2847 665 2886 et
701 2837 804 2887 alio
833 2838 1049 2888 nomine
1085 2838 1176 2908 qui
1211 2838 1407 2888 dicitur
1443 2839 1726 2910 Botgarth,
1760 2850 1811 2889 et
1844 2859 1971 2909 pos-

126 2933 212 2973 tea
258 2923 393 2973 obiit
426 2924 759 2987 L⁷uruuclet3
798 2936 920 2995 post
961 2926 1112 2986 haec,
1144 2925 1285 2976 filius
1328 2928 1462 2996 ejus,
1500 2929 1847 2979 Uuoruuoret
1873 2947 1971 2977 no-

186 3121 225 3160 1.
268 3122 320 3160 Ce
341 3118 470 3161 mode
491 3120 822 3179 (l’acquz'sitc'on
844 3124 899 3178 (et
918 3123 1063 3179 aussi,
1090 3122 1128 3165 le
1149 3122 1257 3182 plus
1275 3131 1474 3180 souvent,
1500 3122 1545 3166 la
1567 3131 1678 3166 terre
1697 3125 1971 3184 approprie'e

128 3185 266 3239 ainsi)
292 3193 420 3243 porte
447 3186 639 3228 aiHeurs
665 3187 812 3230 divers
838 3203 966 3231 rioms
985 3205 998 3230 .·
1042 3190 1211 3247 captio,
1257 3190 1451 3248 alnisio,
1497 3198 1579 3232 etc.
1611 3191 1811 3247 (Bc'fang‚
1847 3192 1970 3233 Neu-
1996 3232 2000 3233 ⁷

129 3250 306 3305 bracle).
338 3252 442 3293 Voir
473 3253 519 3293 T.
554 3271 567 3290 (ι
603 3256 682 3295 Les
714 3255 981 3296 Communia
1016 3273 1030 3295 »
1062 3270 1160 3297 οιιν.
1190 3256 1289 3305 cite',
1316 3272 1366 3315 J).
1396 3259 1475 3298 121
1501 3264 1541 3298 et
1558 3257 1673 3298 suiv.

185 3319 226 3358 2.
270 3317 387 3372 Clzef
401 3317 456 3359 de
488 3335 504 3359 <‹
534 3318 645 3377 plozc
679 3339 692 3359 »
729 3320 909 3376 (plebs),
943 3338 958 3360 «
989 3322 1146 3379 priuce
1174 3321 1448 3364 ledre'ditaire
1475 3341 1510 3363 1).
