2259 3692
903 127 1133 177 ..9-

109 256 214 308 duo
252 254 515 326 appennis
550 253 867 324 quoequalis
900 272 964 302 ex
1002 252 1106 302 1100
1141 251 1451 303 adfirmatus
1479 252 1726 322 accipiat,
1757 270 1943 313 unum,

109 363 267 414 quem
301 343 405 413 ipsi
438 352 566 413 aput
599 361 653 392 se
695 340 944 401 reteniat,
982 350 1034 390 et
1072 340 1253 400 alium,
1292 359 1451 410 quem
1486 340 1540 390 in
1575 339 1692 390 foro
1725 339 1947 410 puplico

108 430 474 501 suspenditur.

179 519 342 569 Facto
369 516 582 588 apendi.

109 709 173 755 N⁰
197 713 250 758 7.
292 707 657 772 Enqaqement
687 704 886 770 partiel
923 709 971 752 et
1010 706 1039 751 ὰ
1074 709 1254 768 tempS,
1298 703 1359 751 cle
1399 721 1455 751 Sa
1499 702 1698 765 Iiberte',
1733 720 1838 768 par
1882 721 1949 750 un

170 786 421 835 debilem.
475 786 549 834 La
598 786 774 833 charte
820 784 1217 850 sl'enfsafsement
1260 784 1465 847 (caucio)
1517 782 1673 831 (leura
1724 782 1797 830 lui
1841 785 1948 832 (Stre

173 866 380 928 rendae,
427 884 522 914 une
547 865 648 931 fois
685 865 729 914 Ia
771 865 905 913 ([01ίο
937 866 1123 931 paye'e.
1171 863 1330 912 l'eine
1369 865 1503 930 fioeee
1543 882 1607 912 au
1651 862 1838 912 double
1878 863 1944 912 du

171 953 399 996 montani
423 946 489 994 clu
509 948 646 1012 pret.
677 946 751 994 La
778 946 952 994 eaueio
970 963 1172 1011 pourra
1198 947 1304 993 &tre
1331 944 1476 993 ee'cle'e
1503 946 1532 992 ὰ
1561 962 1628 992 un
1654 944 1794 993 tiers.

535 1100 610 1166 (Z.
639 1101 716 1164 38)
745 1100 918 1147 Form.
947 1099 1142 1147 Andee.
1175 1099 1256 1163 (R.
1291 1097 1351 1147 G.
1380 1099 1514 1161 371).

626 1225 824 1296 Incipit
859 1225 1044 1276 eaueio
1072 1225 1137 1276 de
1171 1224 1410 1275 homine.

179 1344 411 1394 Domino
439 1342 724 1414 magnifico
752 1342 904 1392 fratri
936 1342 1015 1392 illi
1042 1362 1142 1413 ego
1170 1342 1266 1392 illi.
1302 1343 1526 1392 Constat
1552 1361 1634 1391 me
1662 1341 1945 1412 accipisse,

106 1442 158 1481 01
192 1432 263 1481 ita
299 1431 451 1501 accpi
485 1431 550 1480 de
583 1431 735 1480 vobis
770 1450 866 1500 per
900 1431 1038 1480 hanc
1074 1430 1330 1480 eaucione
1366 1429 1432 1480 ad
1465 1429 1752 1500 pristetum
1790 1430 1950 1480 bene-

104 1518 284 1568 ficium
329 1519 431 1568 hoe
476 1528 556 1568 est
598 1518 651 1567 in
695 1528 920 1589 argento
962 1517 1149 1567 uncias
1189 1527 1384 1567 tantas.
1433 1518 1492 1567 In
1538 1517 1657 1567 loco
1703 1517 1950 1589 pignoris

104 1606 289 1656 emitto
329 1606 482 1655 vobis
525 1615 719 1656 statum
770 1625 946 1655 meum
996 1605 1359 1665 medietatem,
1406 1615 1464 1654 ut
1512 1605 1567 1654 in
1608 1605 1951 1675 unaquisque

104 1700 349 1763 septema
376 1693 441 1743 ad
468 1693 581 1743 dies
618 1693 801 1753 tantis,
845 1692 1237 1762 qualecumque
1276 1712 1495 1762 operem
1529 1692 1782 1764 legitema
1819 1693 1952 1743 mihi

104 1781 341 1831 iunexris
361 1778 394 1841 ²²,
428 1780 602 1831 faeere
630 1780 983 1831 debiammus.
1018 1783 1134 1846 Que
1163 1800 1334 1830 annus
1366 1790 1548 1830 tantus
1580 1780 1808 1851 conpliti
1841 1780 1950 1832 fue-

103 1869 230 1928 rint,
276 1889 360 1919 res
394 1879 598 1919 vestras
644 1868 834 1918 redere
882 1868 1068 1919 debias
1086 1875 1120 1928 ⁰,
1157 1878 1209 1919 et
1244 1868 1558 1918 eaucionem
1604 1888 1775 1919 meam
1817 1869 1950 1920 reci-

102 1976 230 2026 pere
258 1955 447 2006 faciam
467 1954 503 2006 ἰ.
537 1958 602 2006 Et
636 1957 679 2007 si
714 1956 907 2007 exinde
936 1956 1001 2007 de
1034 1957 1151 2027 ipsa
1178 1976 1342 2027 opera
1368 1966 1457 2006 aut
1485 1956 1549 2006 de
1584 1956 1729 2027 ipsas
1762 1977 1848 2007 res
1884 1956 1951 2008 ad

101 2044 219 2114 ipso
245 2044 444 2114 placito
469 2042 479 2067 ¹
505 2044 785 2116 neeligens
812 2055 902 2095 aut
926 2045 1112 2095 tardus
1140 2044 1310 2105 suero,
1342 2054 1431 2095 aut
1456 2044 1748 2095 volumtate
1774 2055 1952 2096 vestra

99 2131 292 2182 exinde
320 2151 429 2182 non
463 2133 683 2193 abuero,
715 2143 845 2183 tune
880 2153 963 2183 me
990 2143 1202 2183 constat
1235 2153 1321 2183 res
1354 2142 1559 2183 vestras
1595 2132 1650 2182 in
1686 2132 1950 2204 dupplum

101 2219 313 2270 debiam
363 2239 479 2270 0550
528 2220 828 2281 rediturus,
884 2231 974 2271 aut
1018 2221 1198 2282 vobis,
1254 2231 1344 2271 aut
1400 2220 1485 2271 eui
1543 2221 1801 2272 caucione
1848 2221 1952 2273 ista

101 2306 316 2358 dederis
350 2307 418 2358 ad
451 2308 750 2380 exagenda.

103 2523 168 2569 ΝΟ
192 2526 246 2572 8.
287 2523 621 2589 Divoreepar
641 2531 1019 2574 eonsentement
1038 2525 1249 2574 mainel.
1273 2525 1427 2573 Deela
1438 2544 1490 2574 ra
1502 2525 1605 2574 lion
1624 2528 1950 2592 enpre'sence

166 2602 228 2651 cle
271 2604 501 2652 te'moins.
546 2604 707 2653 Lihre
740 2605 1044 2671 disposition
1077 2605 1138 2654 sle
1178 2624 1232 2654 sa
1281 2624 1542 2672 personne
1569 2608 1798 2670 assure'e,
1842 2625 1949 2673 par

168 2683 331 2746 lettre,
360 2686 388 2732 εὶ
417 2685 612 2733 chacun
641 2685 729 2734 cles
757 2688 924 2752 e'pouoe
940 2704 1046 2752 par
1073 2687 1273 2736 l'autre.
1308 2686 1497 2736 Clau-se
1516 2687 1727 2754 pe'nale.

528 2854 598 2917 (Z.
629 2856 707 2920 57)
738 2855 910 2902 Form.
942 2856 1136 2904 Andee.
1170 2857 1253 2920 (R.
1289 2856 1349 2904 G.
1383 2857 1514 2922 114).

173 2979 417 3028 Domeno
451 2998 559 3029 non
595 2980 940 3043 dulcissemo,
988 2982 1084 3032 sed
1128 2983 1464 3033 amarissimo
1499 2993 1551 3034 01
1585 2982 1945 3035 exsusslantis-

160 3186 198 3235 a)
229 3182 318 3222 Lis.
349 3188 630 3237 septemana.
656 3209 705 3215 —
733 3183 779 3239 b)
811 3185 900 3226 Lis.
930 3185 1204 3227 iuiumeris.
1230 3213 1285 3217 —
1308 3190 1344 3240 0)
1370 3188 1457 3228 Lc's.
1483 3188 1683 3229 debiam.
1705 3214 1760 3218 ψ
1780 3189 1824 3242 d)
1849 3188 1939 3234 Lis.

104 3248 262 3289 facias.

163 3346 202 3384 1.
239 3343 319 3399 Icc',
349 3341 386 3384 le
413 3349 546 3385 terme
570 3345 664 3400 fixe'
686 3360 776 3403 ραι·
799 3344 845 3388 la
872 3348 1150 3390 corwentc'ou.
