2259 3692
987 52 1281 102 —231—

212 192 271 232 ut
311 179 478 230 nichil
525 179 591 229 ad
636 198 733 229 nos
781 178 920 229 ultra
964 178 1283 249 pertineret,
1333 179 1595 250 quicquid
1643 179 1709 230 de
1750 200 1813 230 eo
1856 180 2057 232 faceret

213 267 508 320 TeduinuS.
553 269 746 318 Postea
784 286 903 317 cum
933 269 1041 336 jam
1081 266 1287 336 aliquot
1321 267 1474 317 annis
1509 267 1710 338 egisset
1741 268 1794 318 in
1829 270 2055 319 servicio

212 358 346 426 ejus,
392 354 761 425 interpellavit
803 354 1107 405 Teduinum
1151 353 1381 404 domnus
1433 354 1552 405 Odo
1593 355 1762 425 prior,
1816 357 1907 426 qui
1960 356 2058 407 suit

211 443 520 514 prepositus
549 442 614 493 de
651 442 979 503 Chamartio,
1013 441 1077 492 de
1114 461 1266 492 servo
1295 441 1408 501 illo,
1449 452 1500 492 et
1526 453 1777 512 precatus
1805 454 1885 494 est
1912 465 2051 505 eum,

211 542 269 582 ut
315 531 569 582 redderet
617 533 744 582 Scto
780 530 1014 582 Martino
1060 529 1336 579 hominem
1373 549 1544 580 suum.
1593 532 1757 599 Cujus
1800 532 2055 601 precibus

211 619 568 690 adquiescens
604 618 907 679 Teduinus‚
955 617 1204 688 promisit
1248 637 1302 667 se
1350 616 1524 667 facere
1566 618 1712 688 quod
1746 620 2051 688 petebatur,

211 708 283 758 ita
308 717 487 758 tamen
522 717 579 758 ut
614 726 798 757 servus
834 706 985 757 daret
1019 705 1068 756 ei
1095 725 1202 755 non
1236 716 1343 755 tam
1369 725 1468 775 pro
1495 705 1869 776 redemptione
1898 728 2055 777 quam

211 797 353 846 bona
399 795 674 845 voluntate
724 795 819 847 XV
867 793 1088 844 solidos.
1146 793 1356 858 Quibus
1407 793 1578 854 datis,
1624 794 1894 864 guerpivit
1935 815 2053 846 eum

213 886 272 934 T.
315 885 443 935 Scto
477 884 634 934 Mart.
678 882 912 933 solutum
949 893 1001 932 et
1035 882 1302 953 quietum,
1349 882 1488 933 sicut
1520 881 1694 933 suerat
1731 893 1852 933 ante
1890 903 2056 933 unum

213 971 354 1021 diem
396 991 554 1041 quam
597 971 646 1022 ei
685 970 1012 1022 traderetur.
1051 969 1417 1021 Audientibus
1461 980 1513 1020 et
1544 970 1853 1022 videntibus
1887 971 2002 1021 istis
2043 993 2051 1022 :

211 1061 270 1127 (ss
307 1059 567 1127 te'moz'ns).

211 1324 277 1370 ΝΟ
307 1327 439 1372 165.
488 1318 755 1368 Traclition.
780 1318 841 1366 cle
867 1317 1022 1383 serfs.
1052 1318 1122 1366 Le
1150 1326 1529 1369 con-sentement
1554 1319 1642 1368 (les
1660 1328 1877 1385 parent-5
1903 1324 1932 1368 ἐι
1962 1340 2056 1370 une

273 1402 546 1451 alienation
575 1400 635 1448 cle
661 1400 797 1465 serfs
824 1399 950 1447 zz'esl
977 1399 1262 1448 nece-ssaire
1290 1419 1390 1467 que
1416 1401 1461 1448 si
1493 1420 1574 1450 ces
1599 1403 1736 1467 Serfls
1761 1408 1873 1451 sont
1902 1420 2056 1451 venus

267 1502 370 1550 par
397 1483 629 1548 lte'rilagse
655 1484 684 1529 ὰ,
713 1480 991 1529 l'alie'nant.
1020 1480 1223 1529 Notiee.
1257 1482 1378 1546 (An.
1412 1483 1727 1547 loesi-1084.)

649 1650 798 1698 Liber
825 1650 885 1698 de
912 1650 1071 1697 servis
1098 1650 1223 1715 Maj.
1254 1651 1399 1699 Mon.
1433 1651 1501 1717 (p.
1531 1652 1598 1717 7).

210 1826 289 1874 De
332 1822 519 1873 decem
559 1821 745 1882 servis,
792 1839 927 1891 quos
971 1819 1120 1870 dedit
1159 1840 1252 1871 seu
1293 1821 1538 1872 vendidit
1583 1823 1740 1873 nobis
1785 1822 2056 1875 Ainardus

408 1910 473 1960 de
511 1911 710 1961 Sancta
742 1910 949 1969 Maura,
987 1908 1295 1960 habitantes
1329 1909 1472 1980 apud
1498 1911 1855 1962 Loratorium,

281 2030 480 2081 Notum
514 2027 582 2077 sit
607 2026 865 2077 fratribus
900 2026 1100 2076 nostris
1135 2026 1250 2077 scil.
1283 2047 1427 2078 mon.
1468 2030 1593 2098 Maj.
1626 2030 1772 2080 Mon.
1813 2029 1961 2099 quod
1987 2030 2050 2081 Α.

208 2117 273 2167 de
311 2118 366 2169 S.
406 2118 478 2167 M.
521 2115 668 2166 venit
700 2115 755 2165 in
795 2114 1090 2185 capitulum
1132 2126 1397 2176 nostrum,
1447 2126 1500 2166 et
1534 2116 1685 2167 dedit
1724 2118 1852 2168 Scto
1887 2119 1959 2168 M.
2004 2129 2057 2168 et

208 2205 364 2255 nobis
413 2205 460 2254 X
509 2223 722 2263 servos,
774 2201 946 2253 inter1
986 2203 1129 2253 viros
1179 2214 1231 2253 et
1280 2203 1504 2254 feminas
1555 2204 1862 2256 habitantes
1912 2206 2054 2276 apud

209 2292 576 2351 Loratorium,
633 2310 768 2361 quos
815 2291 1037 2341 tenebat
1084 2290 1149 2341 de
1199 2291 1504 2342 Haimerico
1554 2292 1619 2342 de
1669 2293 1849 2364 Fagia.
1906 2297 2054 2360 Quos

210 2380 449 2451 quamvis
484 2399 592 2429 non
619 2379 846 2429 haberet
871 2398 935 2428 ex
967 2378 1290 2440 hereditate,
1323 2399 1422 2430 nec
1455 2380 1740 2450 quisquam
1767 2392 2054 2451 parentum

209 2488 428 2519 suorum
469 2470 556 2538 jus
602 2467 656 2516 in
699 2467 775 2517 eis
818 2477 1003 2537 posset
1044 2467 1357 2528 reclamare,
1402 2468 1651 2538 promisit
1683 2478 1863 2519 tamen
1910 2470 2056 2540 quod

208 2557 409 2607 faceret
427 2556 530 2606 hoc
552 2554 852 2606 concedere
881 2575 1234 2626 quoscunque
1263 2566 1559 2626 oporteret,
1593 2566 1644 2606 et
1673 2556 1819 2627 quod
1844 2557 2054 2627 acquic-

206 2655 345 2695 taret
379 2664 470 2695 eos
510 2644 666 2694 nobis
711 2654 898 2694 contra
932 2664 1117 2694 omues
1153 2644 1464 2695 calumnias.
1499 2644 1579 2695 Ibi
1612 2655 1787 2695 autem
1821 2646 2055 2696 habebat

209 2733 477 2803 quendam
516 2742 789 2803 nepotem,
840 2732 931 2802 qui
971 2732 1110 2783 sicut
1152 2733 1266 2803 ipse
1310 2732 1591 2783 dicebatur
1628 2732 1917 2793 Aiuardus,
1964 2734 2055 2803 qui

208 2821 310 2871 hoc
343 2820 544 2870 ibidem
588 2821 875 2871 concessit.
925 2823 1169 2891 Cumque
1205 2821 1505 2891 accepisset
1544 2820 1902 2872 beneficium²
1936 2841 2055 2873 cum

267 3014 306 3051 1.
350 3012 465 3051 Ταηί
490 3009 687 3051 hommes
716 3025 799 3067 que
824 3012 1020 3064 femmes.

268 3079 308 3117 2.
346 3076 538 3131 *S'c'guc'sie
564 3076 638 3128 ici,
669 3091 756 3115 nou
786 3091 843 3117 un
874 3075 1081 3131 benefice,
1113 3077 1232 3117 mais
1276 3075 1312 3117 Ie
1357 3076 1548 3132 be'ue'fiee
1582 3076 1717 3118 d'e‘cre
1744 3078 1924 3119 associe'
1958 3093 2055 3119 (tux

210 3142 376 3183 bounes
407 3156 573 3182 (rueres
600 3141 679 3182 des
703 3141 888 3182 melmae.
924 3145 1039 3182 Colle
1061 3143 1348 3183 cis-sociatim
1371 3143 1495 3195 (uait,
1521 3141 1566 3183 la
1589 3141 1783 3200 plulmrt
1808 3143 1869 3184 du
1891 3151 2048 3202 temps,

208 3206 476 3263 symbolise'e
493 3222 583 3265 par
611 3206 656 3248 la
673 3208 831 3247 remise
860 3207 967 3248 (l'uu
991 3207 1094 3248 livre
1121 3207 1400 3265 (clel›1·c'c²t'e.‹›·)
1419 3223 1511 3266 par
1536 3207 1572 3248 le
1596 3209 1754 3265 prieur
1775 3210 1802 3249 (ὶ
1823 3208 2049 3251 l’associe'.

209 3277 245 3317 A
283 3272 546 3316 l'c'mc'catc'on
590 3271 650 3315 clu
680 3272 954 3316 ceremonia!
979 3272 1183 3327 seculc'er,
1215 3273 1250 3314 il
1279 3289 1309 3330 2·
1343 3275 1466 3316 (wall
1494 3273 1539 3316 Ιιὶ
1579 3288 1661 3316 une
1701 3281 1820 3317 sorte
1858 3274 2051 3318 (l'c'nves-
