2259 3692
995 279 1289 329 —198—

224 538 289 585 N⁰
321 541 450 587 135.
493 533 805 593 Fiancailles
852 551 974 582 avec
1013 551 1168 600 9393·
1221 532 1489 582 Traclilion
1536 533 1866 600 symbolique
1906 534 1967 583 cle
2022 535 2068 584 Ia

287 617 494 684 femme.
544 615 1058 681 Contre-preslation.
1115 614 1351 663 Caution.
1398 611 1558 663 P'eize
1614 615 2064 666 conventionnelle.

288 698 507 747 Arrhes.
538 698 723 760 Βεὶίοη,
752 695 986 764 Symbole
1012 695 1073 744 cle
1100 695 1363 745 tradition.
1398 696 1516 761 (An.
1545 697 1681 762 966.)

678 852 853 901 Codex
880 851 1144 918 diplomat.
1176 851 1434 910 Cavensis,
1467 853 1511 910 2,
1542 851 1623 899 31.

299 1014 359 1062 111
393 1011 612 1062 1101111110
655 1010 893 1062 Domini.
942 1009 1240 1060 Tricesimo
1285 1027 1426 1058 anno
1475 1008 1815 1079 principatus
1851 1011 2071 1061 Domini

225 1100 399 1151 nostri
434 1098 644 1159 Gisolfi,
691 1098 930 1170 glorioso
977 1097 1253 1168 pri11cepS‚
1305 1116 1488 1147 mense
1537 1097 1886 1158 Februarius,
1929 1119 2069 1150 nona

226 1188 545 1239 indictione.
590 1186 1034 1238 Memoratorium
1070 1185 1212 1235 factu
1262 1205 1289 1235 a
1338 1204 1421 1235 me
1470 1184 1872 1255 Maghenolfus,
1928 1186 2070 1238 filius

227 1276 501 1348 quondam
528 1275 693 1336 Maeli,
727 1295 789 1325 eo
825 1273 971 1345 quod
999 1274 1053 1323 in
1080 1272 1315 1325 Nuceria
1343 1283 1465 1323 ante
1501 1273 1935 1343 subscriptorum
1959 1285 2070 1325 tes—

225 1366 360 1417 tium
401 1385 499 1436 per
543 1384 681 1415 vona
716 1362 1101 1414 conbenientia
1136 1372 1188 1412 et
1229 1380 1366 1412 vona
1401 1380 1493 1411 sua
1536 1361 1834 1412 bolumtate
1876 1362 2070 1434 guadia

227 1454 359 1506 mihi
393 1453 543 1505 dedit
570 1456 783 1513 Petrus,
823 1451 965 1502 filius
1001 1450 1210 1501 Bisanti
1238 1449 1303 1500 de
1338 1449 1517 1500 locum
1553 1451 1749 1510 Sarnu,
1782 1460 1833 1500 et
1868 1450 2072 1502 media-

225 1541 434 1595 torem¹
481 1542 613 1593 1111111
650 1541 833 1612 posuit
867 1542 1081 1600 Petrus,
1120 1538 1303 1590 filiusa
1337 1539 1612 1609 quondam
1657 1539 1966 1610 Sadclperti
2008 1541 2073 1592 de

228 1651 292 1686 ex
318 1632 507 1683 eodem
533 1631 711 1682 locum
738 1631 970 1689 Nucera,
1009 1638 1061 1679 et
1088 1627 1375 1699 Adelghisi
1403 1627 1683 1688 diaconus,
1715 1625 1888 1679 filius⁶
1915 1629 2074 1680 Sarni

227 1721 521 1796 presbiteri
565 1720 629 1770 dc
664 1739 728 1769 ex
762 1717 952 1769 eodem
995 1717 1173 1768 locum
1217 1718 1413 1777 Sarnu,
1470 1716 1563 1767 tali
1606 1716 1817 1777 ordine,
1865 1727 1923 1768 ut
1970 1717 2073 1767 isto

229 1831 413 1864 mense
445 1807 744 1862 Februario
780 1817 954 1858 stante
997 1805 1139 1857 diem
1173 1825 1279 1856 una
1318 1805 1471 1856 daret
1511 1805 1643 1855 mihi
1684 1816 1735 1856 at
1777 1805 2072 1877 legitimam

229 1920 451 1953 uxorem
484 1896 797 1949 habendum
831 1895 1033 1947 Monda
1072 1894 1181 1946 filia
1210 1902 1349 1945 sua⁰.
1384 1896 1449 1945 Et
1489 1894 1533 1944 51
1578 1894 1693 1965 ipsa
1736 1893 1923 1945 eadem
1966 1893 2072 1944 filia

231 2010 323 2041 sua
350 1987 482 2039 mihi
507 1986 805 2057 legitimam
831 2004 1053 2035 uxorem
1088 1984 1142 2034 in
1170 1983 1374 2034 dictum
1409 1983 1765 2033 constitutum
1800 1982 1933 2033 mihi
1967 2002 2073 2033 non

231 2077 463 2137 dederit,
503 2073 764 2145 obligavit
793 2093 847 2123 50
874 2092 971 2143 per
999 2072 1115 2143 ipsa
1143 2071 1330 2122 eadem
1351 2060 1546 2144 guadia
1569 2081 1619 2122 at
1639 2071 2076 2142 componendum

230 2167 388 2219 nobis
417 2163 812 2236 quinquaginta
842 2161 957 2212 auri
987 2160 1190 2211 solidos
1218 2159 1612 2219 constantinos,
1644 2170 1695 2210 ct
1729 2179 1825 2230 per
1851 2157 2076 2209 imvitis²

230 2256 348 2327 ipsa
392 2253 501 2304 filia
549 2272 642 2303 sua
691 2251 821 2301 mihi
871 2249 1167 2321 legitimam
1218 2268 1439 2299 uxorem
1479 2247 1649 2298 daret.
1688 2247 1843 2299 Unde
1879 2246 2073 2298 ividem

230 2363 457 2416 presens
483 2362 580 2413 per
599 2340 851 2391 baculum
881 2340 995 2410 ipse
1017 2340 1209 2389 Petrus
1231 2338 1347 2408 ipsa
1373 2336 1480 2387 111111
1508 2356 1600 2387 51111
1621 2336 1753 2387 1111111
1780 2335 2075 2407 legitimam

232 2452 453 2484 uxorem
480 2429 705 2481 'tradidit
739 2439 791 2479 ct
825 2448 943 2478 arrc
979 2447 1006 2477 a
1042 2447 1124 2477 me
1152 2426 1360 2496 recepit
1386 2445 1485 2496 pro
1519 2425 1635 2495 ipsa
1672 2424 1781 2475 filia
1816 2444 1912 2474 suo
1948 2423 2076 2474 soli-

233 2540 453 2572 aurcum
501 2518 865 2569 costantinum
906 2536 1092 2575 unum,
1140 2525 1192 2565 et
1233 2534 1330 2585 pcr
1370 2514 1546 2585 ipsum
1596 2513 1784 2564 eadem
1827 2512 2077 2563 baculum

231 2609 402 2681 ipsius
447 2607 595 2660 Petri
635 2604 1072 2657 recommandavi
1112 2604 1229 2675 ipsa
1269 2603 1378 2654 filia
1420 2622 1515 2653 sua
1562 2622 1735 2673 usque
1776 2601 1829 2652 in
1874 2601 2077 2652 dictum

234 2697 608 2756 constitutum,
639 2705 698 2746 ut
731 2694 877 2745 illam
905 2703 1032 2764 aput
1067 2712 1150 2743 me
1186 2692 1485 2764 legitimam
1511 2710 1735 2741 uxorem
1761 2689 2078 2741 remidteret

233 2786 349 2857 ipsa
383 2784 597 2857 guadia,
629 2784 768 2834 sicut
795 2782 941 2833 illam
969 2781 1101 2832 mihi
1134 2780 1331 2852 guadia
1365 2779 1549 2829 habui.
1590 2780 1656 2829 Et
1681 2779 1825 2829 1111110
1853 2777 2075 2827 brebem

235 2874 401 2925 scribi
443 2893 544 2945 ego
586 2872 850 2923 Ildericus
887 2869 1254 2921 subdiaconus
1297 2878 1349 2918 et
1388 2866 1632 2918 notarius
1686 2865 1778 2936 qui
1830 2863 2071 2916 interfui.

235 2962 351 3033 Ego
385 2963 579 3013 Petrus
606 2959 884 3011 diaconus.
919 2959 1034 3030 Ego
1063 2955 1380 3009 Romoaldo.

292 3151 333 3205 a)
363 3150 456 3191 Lis.
486 3149 689 3202 Petrum,
718 3147 880 3189 filium.
912 3172 964 3177 -—
985 3146 1032 3201 b)
1059 3146 1149 3188 Lis.
1181 3145 1489 3202 Adelghisum
1522 3145 1791 3199 diaconum,
1832 3144 1994 3185 filium.
2028 3168 2079 3174 -

234 3217 272 3271 c)
299 3216 390 3258 Lis.
424 3215 566 3257 filiam
595 3229 741 3256 suam.

293 3315 335 3354 1.
370 3310 683 3368 Fide'jzcssem·.

294 3380 335 3420 2.
370 3378 602 3419 peut-&tre
637 3376 911 3432 perinvitus,
954 3374 1129 3431 malgre'
1162 3373 1244 3425 lui,
1275 3373 1454 3416 0.-ἁ-ᾱ.
1499 3388 1584 3432 que
1621 3373 1658 3415 le
1679 3373 1909 3432 paiement
1951 3371 2078 3414 dela

235 3458 402 3487 somme
428 3459 479 3485 ne
507 3442 542 3484 le
577 3441 889 3501 dispenserait
912 3456 1000 3500 pas
1028 3440 1081 3482 de
1109 3440 1240 3482 livret·
1271 3455 1326 3482 sa
1359 3439 1471 3496 fille.
1510 3440 1614 3482 Voir
1652 3441 1697 3480 T.
1733 3437 1936 3481 Contrib.
1967 3437 2071 3479 hist.

237 3513 292 3554 D.
326 3512 467 3553 Germ.
498 3511 656 3565 (Heme
680 3508 841 3551 histor.
871 3508 1016 3561 Droc'c,
1051 3509 1177 3562 1880)
1202 3522 1248 3566 p.
1280 3508 1377 3550 459.
