2259 3692
949 185 1242 234 —122-

167 303 337 357 cerat¹
375 305 519 376 ipsas
558 308 907 360 auctoritates
955 329 1118 380 super
1146 309 1312 362 altare
1341 312 1417 362 sci
1450 312 1635 383 Spani.
1677 315 1828 365 Tunc
1861 334 2006 385 pres-

167 393 372 464 criptus
407 392 747 467 Amalgarius
781 396 835 447 in
870 396 1277 450 advocationem
1313 398 1637 471 Agintrudis
1671 421 1764 453 sue
1800 402 2008 453 scilicet

167 481 347 532 uxoris
373 483 641 534 accusavit
673 483 997 536 Autbertum
1032 486 1219 538 dicens
1255 487 1400 558 quod
1425 488 1623 559 injuste
1651 490 2006 541 contenderet

166 570 514 621 auctoritates
542 575 635 623 5110
671 573 931 625 mulieris.
974 577 1150 646 Super
1177 575 1310 626 haec
1345 576 1456 637 diu,
1489 597 1675 628 01111105
1702 578 2006 629 residentes

166 668 218 708 et
243 668 479 709 astantes
507 660 741 723 attoniti,
775 661 1134 714 deliberatum
1162 674 1261 725 est,
1294 675 1350 715 ut
1378 664 1518 715 idem
1546 664 1843 717 Autbertus
1866 667 2007 738 ipsas

166 757 338 797 cartas
366 747 418 797 in
452 747 627 818 palam
653 748 916 811 differret,
951 751 1097 822 quod
1119 763 1172 803 et
1192 762 1367 803 actum
1390 763 1488 805 051.
1524 753 1633 805 Sed
1659 754 1775 825 ipse
1802 755 2009 826 primus

164 834 482 886 testificatus
518 847 617 898 est,
656 837 909 890 videlicet
933 839 1077 891 illam
1100 861 1236 911 quae
1266 862 1330 892 ex
1357 841 1573 892 nomine
1605 844 1761 893 Esai'e
1789 843 2004 904 detulit,

165 933 217 973 et
250 923 395 974 illam
430 944 566 995 quae
603 927 835 977 Turonis
870 927 1153 999 ingeniose
1200 929 1335 980 sacta
1372 930 1547 981 suerat
1591 951 1722 1002 quas
1757 932 2008 983 recitatas

163 1011 378 1062 invente
434 1024 558 1064 sunt
599 1013 761 1065 salsae
821 1016 1134 1086 publiciter,
1181 1017 1413 1079 scilicet,
1458 1019 1583 1089 quia
1621 1019 1725 1090 ipsi
1778 1040 2007 1091 quorum

165 1100 381 1151 nomina
414 1101 617 1172 prefixa
644 1102 719 1152 ibi
745 1103 1105 1165 habebantur,
1144 1105 1198 1155 id
1225 1116 1306 1156 est
1333 1106 1628 1158 Notsredus
1653 1118 1705 1158 ct
1733 1109 2004 1160 Geroinus

162 1187 436 1240 testificati
470 1200 593 1240 sunt
622 1191 978 1261 jurejurando
1012 1192 1158 1263 quod
1191 1213 1531 1264 nequaquam
1559 1195 1706 1246 illam
1741 1196 1851 1246 ullo
1876 1207 2005 1247 10111-

161 1296 293 1347 pore
343 1276 667 1339 firmassent,
722 1299 821 1330 nec
872 1280 1032 1330 etiam
1087 1301 1326 1351 unquam
1384 1283 1735 1334 corroborata
1792 1283 2001 1335 fuisset.

162 1365 336 1416 Etiam
364 1375 416 1416 et
443 1365 596 1416 affuit
625 1367 858 1438 scriptor
887 1368 1130 1438 ejusdem
1160 1380 1337 1420 cartae
1373 1370 1464 1441 qui
1492 1370 1694 1421 ibidem
1725 1371 2006 1442 ‘professus

161 1464 241 1504 est
274 1453 470 1524 palam,
510 1454 656 1525 quod
690 1455 860 1526 ipsam
896 1467 1096 1507 cartam
1124 1458 1451 1529 scripsisset,
1485 1459 1715 1510 sednon
1741 1480 1856 1511 eam
1892 1480 2003 1511 cor-

159 1542 519 1593 roborrasset.
563 1543 652 1595 Sic
691 1564 831 1615 pene
872 1555 924 1595 et
958 1545 1105 1596 omni
1141 1546 1320 1597 coloni
1361 1547 1636 1598 testificati
1675 1559 1818 1609 sunt,
1862 1549 2007 1619 quod

160 1650 268 1681 non
310 1651 425 1682 eam
477 1631 741 1683 vidissent
786 1634 1169 1696 corroborare,
1220 1655 1319 1686 nec
1361 1646 1540 1686 tamen
1591 1636 1810 1687 nomina
1862 1637 2002 1688 colo-

161 1739 354 1770 norum
387 1720 558 1790 ipsius
591 1721 748 1771 villae
787 1721 862 1772 ibi
898 1722 1152 1774 adnotata
1187 1734 1358 1785 erant,
1397 1724 1540 1775 unde
1574 1725 1690 1795 ipse
1725 1745 1811 1775 res
1847 1726 2004 1776 habe-

161 1809 377 1869 bantur,
439 1809 533 1859 sed
597 1809 818 1860 alterius
867 1821 1051 1881 preter
1100 1832 1286 1862 eorum
1338 1822 1518 1862 tamen
1570 1813 1662 1883 qui
1720 1814 2003 1864 memorati

159 1895 327 1947 sunt2.
368 1897 505 1947 Hinc
535 1897 742 1968 judicio
778 1899 1017 1949 omnium
1046 1900 1138 1970 qui
1171 1900 1375 1950 ibidem
1410 1900 1653 1962 aderant,
1685 1902 1858 1952 tenuit
1886 1922 2003 1972 pre-

158 1995 374 2036 notatus
416 1984 755 2058 Amalgarius
792 1998 965 2037 cartas
1000 1988 1055 2038 111
1090 1988 1338 2039 manibus
1372 2000 1424 2039 01.
1465 1989 1770 2040 sciscitatus
1806 2010 1833 2040 a
1868 1990 2003 2041 resi-

159 2073 413 2124 dentibus
465 2084 644 2125 utrum
686 2085 853 2126 testes
903 2076 1074 2146 ipsius
1123 2077 1409 2146 potestatis
1460 2078 1662 2128 habere
1710 2079 1997 2148 potuisset,

158 2161 250 2232 qui
277 2161 395 2212 illas
432 2173 604 2213 cartas
637 2183 788 2214 veras
818 2164 984 2234 jurati
1019 2163 1302 2226 dixissent,
1346 2185 1469 2216 mox
1501 2165 1678 2236 palam
1719 2166 1998 2236 professus

157 2260 238 2300 051
272 2250 417 2320 quod
455 2271 563 2301 non
596 2252 882 2322 potuisset.
925 2254 1075 2303 Tunc
1114 2264 1407 2304 memorata
1442 2253 1640 2304 semina
1675 2253 1997 2326 Agintrudis

155 2338 506 2408 proclamavit
555 2339 701 2410 quod
749 2360 906 2391 causa
951 2341 1161 2391 timoris
1209 2341 1444 2412 predicti
1485 2342 1780 2412 presbiteri
1829 2353 1996 2393 testes

156 2427 316 2497 hujus
364 2427 444 2477 rei
493 2427 693 2478 habere
745 2448 1087 2499 nequaquam
1133 2430 1482 2500 potuissent3
1536 2440 1588 2480 ct
1631 2430 1998 2481 denominavit

157 2514 417 2585 quosdam
446 2516 668 2567 colonos
697 2537 831 2587 quos
854 2517 988 2568 dixit
1014 2518 1220 2588 peritos
1242 2538 1359 2569 esse
1386 2519 1547 2589 hujus
1568 2519 1813 2569 rationis.
1854 2521 2004 2570 Tunc

156 2604 468 2674 prepositus
490 2605 653 2675 jiissit
686 2604 883 2655 offerre
926 2606 1000 2656 ibi
1036 2606 1331 2677 reliquias3
1372 2617 1423 2656 et
1458 2607 1826 2657 denominavit
1862 2607 2000 2657 colo-

158 2710 274 2751 nos,
307 2692 361 2742 id
389 2703 469 2742 est
489 2694 538 2761 (9
566 2695 750 2763 rioms),
785 2705 835 2744 01
861 2694 993 2744 alios
1020 2694 1284 2764 plurimos
1314 2695 1589 2765 adjuratus
1618 2705 1699 2744 est
1725 2715 1822 2765 per
1844 2694 2002 2745 deum

158 2790 210 2829 01
259 2800 440 2831 eorum
495 2781 945 2832 christianitatem
996 2793 1156 2852 atque
1220 2782 1564 2832 fidelitatem³
1613 2793 1663 2832 et
1718 2793 2001 2852 presentes
2063 2780 2066 2783 “

161 2869 483 2918 Sanctorum
516 2869 794 2939 reliquias,
829 2870 871 2920 si
906 2870 1021 2940 ipsa
1050 2880 1195 2920 carta
1222 2870 1431 2920 scilicet
1456 2870 1646 2920 titulus
1672 2869 2001 2920 venditionis

160 2955 251 3025 qui
295 2976 358 3005 ex
392 2957 611 3006 nomine
654 2959 811 3008 Esa'i'e
848 2978 1033 3007 eorum
1068 2958 1315 3028 partibus
1351 2969 1482 3019 erat,
1524 2958 1764 3029 legitime
1800 2968 1853 3008 et
1881 2960 2003 3029 jure

158 3044 541 3094 corroboratus
569 3056 730 3105 05501,
771 3056 822 3095 01
857 3046 899 3095 51
928 3046 1155 3109 haberet
1193 3046 1489 3117 legitimam
1526 3046 1841 3096 vestituram
1875 3057 1927 3097 et
1960 3047 2014 3122 si.

216 3193 255 3231 ’1.
292 3193 347 3231 Α.
378 3206 426 3231 eu
462 3193 614 3247 jetant
641 3191 703 3232 les
741 3193 868 3233 titt-es
910 3207 990 3233 sm·
1024 3191 1195 3242 l'autel,
1243 3208 1433 3251 marque
1475 3192 1589 3251 qzc'c'l
1630 3192 1906 3235 abandonne
1932 3209 2003 3235 ses

155 3257 452 3313 pretentions.

214 3332 254 3370 2.
290 3330 408 3372 D'mz
431 3338 560 3372 autre
587 3330 764 3387 village,
797 3338 921 3373 outre
949 3347 1063 3374 cena:
1088 3333 1366 3374 mentionne's
1394 3332 1620 3374 ci-desszcs
1644 3333 1717 3389 (N.
1750 3339 1789 3373 et
1821 3333 1909 3386 G.)

217 3397 255 3437 3.
296 3398 349 3436 Le
374 3397 525 3455 pre's'o‘c
554 3395 615 3439 les
643 3396 805 3453 adjuro
832 3413 912 3440 sur
937 3397 1032 3439 lem·
1060 3398 1266 3456 bapte'me
1285 3405 1325 3440 ct
1352 3397 1397 3440 la
1423 3397 1600 3454 fide'lc'te'
1625 3397 1712 3441 dae
1740 3399 1783 3455 (ἁ
1811 3396 1994 3452 l'abbe').
