2259 3692
1026 201 1320 250 *204—

247 344 401 375 suum
436 324 490 374 in
534 325 858 376 coenobium
901 326 1072 377 saneti
1108 326 1488 377 Emmerammi
1530 338 1583 378 et
1623 327 1915 380 fraternam
1958 331 2095 382 sala-

245 410 428 472 riam¹‚
469 412 523 462 in
549 413 858 483 praesentia
892 414 1102 465 abbatis
1136 414 1426 466 Ramuoldi
1464 425 1516 466 et
1554 415 1779 467 fratrum
1813 417 1906 469 seii
1935 420 2093 470 etiam

243 500 483 561 testium,
514 511 572 551 ut
598 521 811 572 semper
839 503 938 553 sub
958 502 1144 575 regula
1175 503 1347 554 sancti
1370 503 1674 565 Benedicti,
1698 506 1814 557 Deo
1834 507 2089 569 donante,

246 588 455 640 stabilis
481 600 844 660 permaneret.
873 592 938 641 Et
958 611 1066 642 11011
1092 602 1216 662 post
1242 591 1465 663 longum
1486 602 1701 663 tempus
1729 594 1924 646 iterum
1951 595 2094 647 idem

245 679 393 748 Papo
438 697 617 728 comes
661 679 762 729 iam
807 690 1027 750 paratus
1071 681 1294 732 Romam
1333 680 1580 741 tendere,
1632 683 1942 734 convocatis
1986 694 2094 735 tam

245 766 439 817 abbate
497 786 655 837 quam
712 778 764 818 et
820 768 1048 819 caeteris
1105 768 1390 830 fratribus,
1442 769 1669 820 tradidit
1718 791 1880 842 super
1929 771 2096 824 altare

243 853 471 925 praefati
521 856 692 906 sancti
744 857 1124 908 Emmerammi
1172 857 1227 908 in
1276 857 1405 908 silva
1451 858 1762 910 001111111111ἰ’2
1799 859 2096 912 Nordwald

244 954 553 1014 nuncupata
602 944 709 995 tale
751 944 1035 1015 praedium
1078 946 1411 1006 silvaticum,
1462 947 1620 1017 quale
1663 947 1778 1018 ipse
1822 969 1941 999 cum
1986 949 2095 1000 suis

244 1031 568 1102 sequacibus
591 1031 608 1055 ³
642 1043 829 1083 contra
851 1032 868 1058 4
914 1054 1062 1084 suam
1095 1034 1486 1105 proprietatem
1524 1036 1842 1108 Stevininga
1877 1038 2094 1108 prospi-

244 1119 391 1170 ciens
426 1120 812 1171 cireumeundo
847 1121 949 1171 sibi
985 1122 1039 1172 in
1067 1122 1349 1193 proprium
1385 1123 1452 1173 ad
1485 1124 1717 1174 eundem
1753 1124 1930 1176 locum
1972 1127 2094 1177 Ste-

241 1207 461 1279 vininga
489 1209 850 1279 captivaverat
887 1229 1007 1260 cum
1034 1230 1142 1261 uno
1177 1211 1552 1262 tantummodo
1583 1212 1872 1266 XVandalio
1901 1213 2094 1265 colono

242 1295 597 1358 institutum5,
637 1297 785 1368 quod
817 1298 976 1349 etiam
1012 1299 1173 1350 situm
1211 1309 1292 1350 est
1324 1299 1467 1350 inter
1504 1300 1675 1351 rivum
1709 1301 2094 1373 Franchinpah

243 1397 295 1437 et
328 1396 566 1437 montem
598 1386 809 1459 vulgari
840 1388 1104 1439 vocabulo
1131 1388 1269 1460 Vigo
1297 1389 1652 1440 nominatum.
1692 1391 1842 1440 Hanc
1877 1410 2094 1461 quoque

241 1474 590 1525 traditionem
624 1476 835 1547 accepit
878 1487 1230 1548 praenotatus
1265 1478 1431 1528 abbas
1476 1478 1809 1530 Ramuoldus
1843 1489 1895 1530 et
1929 1479 2094 1530 advo-

244 1573 393 1614 catus
427 1565 711 1635 Maganus,
754 1575 807 1615 et
839 1565 930 1616 isti
964 1576 1089 1616 sunt
1121 1576 1323 1617 testes:
1362 1566 1652 1638 Rudpreht
1686 1586 1885 1628 comes,
1927 1568 2092 1619 Rich-
2159 1560 2162 1562 .

242 1651 376 1723 polt,
415 1652 816 1724 Erchanpreffl,
856 1654 1155 1726 Engflmar,
1201 1654 1506 1726 Rudpreht‚
1545 1654 1763 1727 Arripo,
1797 1658 2086 1728 Lantpero‚

242 1740 414 1792 Adalo
442 1751 495 1792 et
529 1741 714 1793 ceteri.

242 2001 308 2047 ΝΟ
337 2005 469 2051 140.
519 2001 677 2050 Terre
704 2003 946 2052 conce'cle'e
971 2007 1000 2052 a
1038 2022 1155 2053 cens
1172 2024 1277 2071 par
1313 2024 1409 2054 une
1434 2006 1659 2074 abbaye,
1688 2010 1717 2056 a.
1746 2007 1792 2057 {a
1818 2008 1995 2074 priere
2021 2007 2088 2057 (Iu

824 2084 1172 2152 heneficiaire.
1214 2087 1332 2152 (An.
1368 2090 1502 2153 978.)

243 2251 382 2298 Cart.
405 2250 466 2298 de
486 2249 733 2315 Cormery
752 2250 925 2314 (Mem.
948 2270 1052 2301 soc.
1074 2253 1214 2302 arch.
1237 2254 1413 2313 Tour..
1437 2261 1476 2303 t.
1501 2257 1614 2315 XII,
1644 2258 1803 2322 1861),
1825 2265 1877 2304 n⁰
1898 2258 2085 2306 XXIX.

635 2419 869 2471 Donatio
904 2420 1043 2472 faeta
1078 2421 1438 2473 Constantino
1474 2423 1691 2474 clerice.

315 2569 373 2618 [n
415 2569 519 2619 Dei
552 2569 770 2620 nomine
810 2570 1004 2620 Daniel
1048 2570 1214 2621 abbas
1255 2581 1308 2622 et
1348 2573 1676 2623 monasterio
1713 2574 1899 2624 Sancti
1933 2575 2086 2625 Pauli

242 2657 688 2708 Cormaricensis.
718 2659 916 2709 Notum
944 2669 997 2709 ct
1022 2660 1401 2731 percognitum
1426 2681 1543 2711 esse
1563 2661 1807 2712 volumus
1835 2662 2084 2713 omnibus

240 2754 454 2795 sanctae
487 2745 589 2795 Dei
621 2745 878 2797 Ecclesise
913 2746 1169 2798 fidelibus
1206 2758 1313 2798 tam
1349 2749 1767 2818 praesentibusa‘
1795 2769 1952 2820 quam
1986 2769 2083 2799 nos

1402 2833 1419 2864 b

240 2832 456 2902 quidam
486 2833 715 2884 clericus
743 2834 960 2885 nominc.
997 2836 1387 2886 Constantinus
1427 2879 1436 2895 ,
1478 2857 1595 2887 011111
1623 2837 1834 2888 duobus
1868 2856 2082 2888 succes-

296 3072 336 3120 a)
363 3068 401 3107 Α
426 3065 583 3124 suppl.
614 3081 750 3122 quam
771 3066 957 3108 futuris.
983 3090 1039 3099 —-
1066 3066 1114 3122 b)
1135 3069 1172 3109 Α
1200 3066 1358 3126 suppl.
1388 3068 1517 3109 adiii.

297 3164 336 3203 1.
373 3161 604 3203 Entretc'en
632 3161 741 3203 cl'un
765 3164 900 3217 frere.

295 3229 335 3269 2.
381 3229 482 3285 Voy.
520 3245 535 3266 «
565 3230 647 3269 Les
678 3228 947 3270 Communia
978 3246 993 3268 n
1024 3229 1100 3270 cic.

329 3328 336 3334 .
374 3297 464 3335 Sur
490 3292 527 3335 le
553 3309 670 3350 sens,
702 3294 788 3350 lh„
816 3311 865 3354 p.
904 3297 1001 3351 137,
1031 3312 1074 3336 n.
1104 3299 1127 3337 2
1155 3296 1214 3352 (in
1243 3299 1363 3352 fine).

330 3393 336 3399 .
384 3360 613 3401 11'2‘5-‹2-42'3
638 3376 693 3401 sa
717 3361 963 3419 proprc'e'te'.

330 3459 335 3466 .
378 3426 522 3469 θαι-πί
554 3425 661 3469 d'we
686 3425 785 3468 seul
810 3426 953 3470 colon.

295 3295 319 3468 via-*09
