2259 3692
1084 211 1138 219 —-
1183 183 1277 232 ς211)
1320 212 1376 220 --

302 309 460 360 huius
497 308 702 360 cartule
737 310 1047 361 oll'ersionis
1087 330 1183 380 per
1212 310 1333 361 data
1362 310 1586 360 licencia
1616 308 1911 360 (lisleberti
1941 311 2150 362 comitis

299 397 493 467 palacii
522 407 645 468 post
672 397 870 448 tradite
904 398 1170 469 complevi
1198 408 1250 449 et
1276 397 1422 449 dedi.

298 680 364 728 Νο
394 684 526 730 144.
573 678 765 729 Charte
796 697 901 746 par
945 679 1168 747 laquelle
1213 696 1308 728 une
1347 678 1539 745 femme
1583 678 1713 728 libre
1753 697 1806 728 se
1847 686 1949 729 met
1980 680 2150 729 volon-

363 761 653 824 tairement,
697 760 792 810 elle
833 767 881 810 et
920 779 1000 810 ses
1042 760 1248 827 enfants
1281 762 1311 808 ἐι
1353 764 1537 817 uentre,
1577 759 1706 810 dans
1745 760 1789 809 la
1824 760 2150 827 dependance

361 841 480 890 d'un
510 843 812 892 monastere.
848 842 966 907 (An.
995 843 1107 902 993,
1144 844 1202 890 19
1227 843 1343 907 oct.)

294 1011 652 1076 WVarnkoenig,
684 1011 890 1061 Flandr.
915 1013 1109 1061 Staats-
1137 1012 1241 1061 und
1268 1012 1517 1077 Rechtsg.
1542 1013 1631 1072 ΙΙΙ,
1664 1012 1900 1061 Urkund.
1927 1015 2002 1073 11,
2025 1021 2079 1061 n⁰
2099 1016 2145 1061 8.

370 1199 428 1249 In
455 1198 672 1248 nomine
708 1207 924 1249 sanctae
960 1207 1013 1247 et
1045 1196 1360 1247 individuae
1395 1196 1694 1248 Trinitatis.
1736 1196 2003 1248 Omnibus
2039 1217 2145 1248 non

294 1287 525 1337 habetur
552 1286 911 1358 incognitum,
941 1284 1036 1336 scd
1077 1284 1327 1356 pluribus
1371 1295 1581 1336 constat
1614 1284 1976 1346 manifestum,
2016 1305 2147 1356 qua-

292 1374 417 1425 liter
445 1374 708 1445 quaedam
744 1374 977 1425 soemina
1011 1373 1229 1424 nomine
1267 1373 1550 1434 Folcrada‚
1598 1373 1769 1424 libera
1813 1393 1933 1424 cum
1981 1384 2143 1435 esset,

292 1463 635 1514 tributariam
670 1483 726 1514 se
772 1483 889 1514 6556
925 1462 1207 1513 constituit
1263 1482 1382 1512 cum
1424 1462 1571 1512 omni
1625 1462 1945 1533 posteritate
1995 1482 2058 1513 ex
2092 1482 2146 1513 se

291 1571 616 1623 processura
641 1573 649 1602 :
690 1551 745 1602 in
773 1572 836 1602 eo
865 1551 1085 1622 quidem
1112 1550 1338 1601 rationis
1365 1560 1575 1612 tenore,
1604 1561 1661 1601 ut
1686 1561 1829 1601 esset
1856 1550 1921 1601 de
1947 1549 2145 1601 familia

291 1640 437 1691 beati
495 1640 643 1692 Petri
693 1639 1063 1711 apostolorum
1112 1639 1399 1710 principis,
1455 1649 1614 1710 atque
1665 1639 1730 1690 ad
1779 1639 2145 1689 venerabilem

292 1728 527 1779 nominis
563 1728 678 1779 eius
713 1727 991 1779 basilicam
1013 1728 1067 1778 in
1092 1727 1211 1778 loco
1237 1727 1528 1778 Blandinio
1547 1726 1561 1752 ¹
1597 1737 1963 1778 constructam
1991 1727 2145 1778 annis

290 1816 519 1889 singulis
554 1817 608 1867 in
644 1816 933 1868 festivitate
956 1817 1129 1868 sancti
1162 1816 1382 1867 Martini
1409 1836 1508 1887 pro
1537 1836 1702 1867 censu
1731 1815 1865 1867 duos
1894 1815 2144 1867 denarios

290 1904 543 1967 solveret,
575 1905 629 1955 in
655 1905 997 1956 matrimonio
1016 1904 1032 1930 ’Ξ
1065 1925 1192 1956 vero
1220 1905 1303 1956 vel
1332 1904 1677 1976 copulatione
1711 1924 1810 1976 pro
1838 1903 2144 1955 vadimonio

290 1992 523 2044 solveret
568 1993 820 2044 denarios
874 2014 1003 2056 sex3
1059 1993 1434 2055 nihilominus,
1489 2013 1609 2044 cum
1661 1993 1799 2044 vitae
1841 1992 2144 2064 praesentis

290 2082 572 2133 imminere
628 2082 732 2132 sibi
788 2082 1082 2133 terminum
1142 2067 1511 2152 conspiceret,
1578 2081 1644 2131 de
1702 2081 2035 2132 collaboratu
2093 2091 2145 2131 et

292 2169 542 2221 facultate
571 2170 793 2241 propria
822 2170 1073 2221 denarios
1100 2169 1386 2220 duodecim
1414 2169 1712 2220 destinaret
1731 2169 2142 2240 pracnominato

290 2258 552 2309 caenobio
578 2258 970 2329 persolvendos
1000 2281 1010 2321 ;
1043 2257 1478 2309 mundeburdem
1505 2277 1631 2308 vero
1658 2257 1739 2307 vel
1769 2256 2141 2308 defensionem

291 2346 420 2397 alibi
455 2366 564 2398 non
600 2357 908 2418 quaereret,
948 2347 1053 2397 nisi
1088 2367 1114 2398 a
1165 2357 1378 2397 rectore
1411 2346 1494 2396 vel
1531 2345 1787 2397 advocato
1822 2345 1993 2416 ipsius
2028 2365 2141 2395 mo-

289 2435 534 2486 nasterii.
596 2436 826 2506 Insuper
877 2435 1087 2486 addidit
1133 2434 1459 2486 confirmans
1506 2434 1855 2485 traditionem
1903 2434 2041 2485 hanc
2091 2443 2142 2485 ct

289 2523 513 2574 dicens:
549 2524 605 2576 Si
644 2524 765 2595 quis
801 2524 1064 2595 cuiusque
1098 2544 1365 2595 personae
1392 2523 1518 2574 huic
1552 2523 1834 2574 traditioni
1871 2522 2141 2573 contraire

289 2612 540 2673 voluerit,
579 2612 685 2662 nisi
720 2611 883 2684 digne
918 2613 1251 2683 poenitucrit
1286 2611 1510 2672 roatui'0',
1542 2610 1780 2663 offensae
1815 2611 1956 2662 beati
1993 2610 2140 2663 Petri

289 2699 521 2771 apostoli
550 2720 605 2750 se
641 2701 922 2752 subiacere
959 2711 1273 2772 cognoscat,
1312 2721 1411 2751 nec
1446 2700 1717 2751 ullatenus
1745 2719 2002 2771 praesens
2028 2709 2138 2749 tes-

286 2798 586 2839 tamentum
641 2789 950 2839 violationis
1006 2789 1259 2839 damnum
1308 2788 1568 2859 patiatur,
1619 2788 1780 2837 immo
1827 2787 1931 2837 11116
1980 2797 2137 2836 tenus

288 2876 480 2926 stabile
531 2887 742 2927 maneat
795 2887 846 2927 et
888 2877 1264 2927 inconvulsum
1315 2896 1434 2926 cum
1477 2875 1827 2946 stipulatione
1885 2874 2131 2925 subnixa.

286 2964 482 3014 Actum
531 2964 750 3034 publice
794 2965 846 3014 in
899 2963 1190 3015 Blandinio
1242 2964 1590 3024 monasterio,
1636 2964 1696 3013 14
1747 2962 2004 3013 kalendas
2039 2982 2136 3012 no-

287 3052 544 3113 vembris,
584 3072 724 3102 anno
761 3055 788 3102 7
832 3052 974 3124 regis
1011 3053 1255 3124 lingonis
1291 3063 1343 3103 ct
1381 3055 1406 3101 7
1457 3052 1661 3102 domini
1712 3051 1922 3102 abbatis
1971 3049 2135 3101 Adal-

346 3287 384 3328 1.
423 3289 479 3328 Le
506 3289 760 3328 monastere
786 3285 839 3328 de
866 3286 1171 3330 Blandinc'um
1196 3291 1302 3347 pres
1328 3286 1382 3329 cle
1414 3285 1564 3329 Gand.

345 3354 386 3393 2.
424 3352 475 3393 Si
501 3351 582 3393 elle
609 3367 654 3393 se
682 3352 840 3394 marie.

346 3420 386 3460 3.
423 3421 485 3459 De
511 3433 591 3460 son
616 3419 790 3473 me'fait,
821 3418 949 3460 de'lil.
