2259 3692
1004 97 1298 148 —232-

227 229 340 288 illo,
376 226 603 278 tradidit
636 226 834 277 domno
880 226 1061 277 abbati
1106 224 1491 276 Bartholomeo
1531 244 1628 295 per
1660 244 1875 276 manum
1909 245 2075 277 unum

229 316 294 367 de
349 315 611 386 predictis
668 314 835 365 servis
892 315 1109 365 nomine
1168 312 1535 374 Bernardum,
1598 313 1690 384 qui
1746 313 1890 364 solus
1944 324 2074 365 tunc

225 424 451 475 presens
480 413 611 465 erat,
644 413 696 454 et
722 423 819 474 per
845 403 997 454 illum
1024 402 1282 473 reliquos.
1317 403 1486 471 Hujus
1513 401 1592 452 rei
1616 411 1782 453 testes
1811 405 1858 472 <7
1886 403 2068 471 nones).

226 670 292 717 Νο
321 670 455 717 166.
499 665 593 730 (Cf.
623 673 677 712 11Ο
709 666 812 728 157)
845 665 1330 733 Re'ciproquemenl,
1377 666 1420 714 Ie
1461 665 1819 715 delaissement
1859 665 1920 715 de
1963 683 2073 715 cer—

291 749 453 798 taines
480 754 642 796 {erres
680 747 923 813 (serviles)
959 765 1064 813 par
1092 747 1542 813 leurpossesseur,
1570 747 1691 812 serf
1718 747 1838 809 reel,
1882 766 1910 796 a
1935 765 2074 812 pour

291 830 421 896 esset
453 829 514 878 cle
552 829 625 877 lui
661 828 845 877 rendre
877 846 969 877 soz
1000 828 1178 895 aricien
1222 830 1323 878 etat
1363 828 1423 878 (Ie
1455 846 1714 895 personne
1758 828 1906 877 libre.
1948 827 2077 894 Serf

291 911 471 960 maire.
505 911 583 976 (22
605 910 747 975 janv.
780 911 942 975 1069.)

521 1081 672 1129 Liber
698 1081 759 1128 de
786 1081 945 1129 servis
973 1080 1098 1146 Maj.
1129 1080 1271 1128 Mon.
1301 1080 1531 1139 LXXVI,
1567 1079 1634 1145 (p.
1666 1081 1767 1144 73).

437 1252 850 1324 Cyrographum
885 1251 950 1302 de
986 1251 1095 1303 filia
1130 1252 1455 1312 Conversae‚
1495 1250 1667 1301 libera
1700 1249 1855 1301 facta.

295 1381 495 1432 Notum
523 1378 591 1429 sit
617 1377 652 1428 f.
685 1398 730 1428 3.
764 1398 837 1428 sc.
869 1397 1013 1428 mon.
1052 1380 1179 1448 Maj.
1211 1379 1359 1429 Mon.
1393 1377 1538 1448 quod
1567 1377 1827 1428 Otbertus
1854 1377 1947 1448 qui
1972 1377 2074 1429 fuit

223 1470 391 1539 major
422 1467 536 1519 Scti
562 1467 802 1527 Martini,
832 1467 1009 1517 tenuit
1035 1466 1304 1537 quandam
1330 1477 1549 1527 terram,
1582 1466 1724 1537 apud
1752 1466 2067 1527 Cedentem,

224 1557 289 1607 de
341 1558 469 1608 Scto
505 1557 663 1606 Mart.
717 1565 942 1626 propter
996 1575 1154 1625 quam
1204 1555 1363 1606 etiam
1406 1555 1521 1626 ipse
1565 1565 1678 1606 erat
1732 1575 1917 1606 servus
1958 1556 2072 1607 Scti

223 1647 381 1696 Mart..
421 1647 550 1696 Post
584 1654 811 1694 mortem
846 1654 1022 1694 autem
1057 1644 1221 1704 illius,
1261 1664 1395 1694 uxor
1430 1646 1544 1714 ejus
1578 1644 1747 1695 Maria
1776 1645 2066 1705 Conversa,

222 1753 342 1784 cum
370 1733 435 1784 de
468 1732 592 1782 filiis
627 1732 736 1782 suis
770 1752 879 1782 non
913 1743 1264 1803 superessent
1299 1732 1366 1793 ei,
1404 1732 1508 1783 nisi
1535 1753 1673 1783 unus
1701 1732 1843 1784 filius
1883 1743 1934 1784 ct
1969 1753 2073 1784 una

221 1821 358 1883 filia,
409 1821 635 1872 caeteris
683 1821 936 1881 mortuis,
979 1821 1188 1893 rogavit
1224 1821 1275 1872 d.
1315 1822 1398 1872 ab.
1433 1824 1519 1881 R,
1551 1832 1609 1872 ut
1644 1821 1692 1872 ei
1728 1821 1890 1872 filiam
1925 1842 2072 1873 suam

220 1909 447 1961 liberam
483 1909 702 1970 faceret,
740 1920 799 1960 ut
833 1930 948 1960 eam
983 1921 1169 1980 posset
1204 1921 1432 1981 nuptum
1468 1910 1595 1961 dare
1633 1911 1807 1962 libero
1841 1911 2066 1962 homini.

221 1998 381 2064 Quod
443 1998 672 2049 domnus
737 1999 902 2049 abbas
965 1998 1215 2068 promisit
1273 2019 1327 2049 se
1392 1998 1659 2049 facturum
1720 1999 1815 2050 tali
1879 2010 2064 2070 pecte,

218 2096 277 2137 ut
320 2087 437 2157 ipsa
482 2096 534 2137 et
577 2086 743 2137 frater
788 2089 902 2157 ejus
949 2087 1286 2137 dimitterent
1334 2089 1462 2138 Scto
1506 2089 1664 2138 Mart.
1705 2088 2069 2158 supradictam

217 2185 417 2226 terram
452 2175 621 2245 patris
657 2175 757 2235 sui,
803 2185 1028 2245 propter
1072 2195 1230 2245 quam
1273 2175 1432 2225 etiam
1474 2175 1579 2245 ipsi
1619 2176 1758 2226 servi
1794 2187 1966 2237 erant,
1998 2177 2070 2227 ita

219 2274 399 2314 tamen
434 2274 491 2314 ut
531 2262 696 2313 frater
723 2263 935 2333 puellae
964 2284 1148 2314 servus
1176 2274 1499 2323 remaneret,
1532 2274 1583 2314 et
1610 2264 1725 2334 ipsa
1765 2264 1807 2315 si
1834 2285 2070 2335 unquam

220 2351 468 2422 nupserit
495 2372 648 2402 servo
681 2351 764 2402 vel
800 2351 1064 2402 coliberto
1101 2352 1156 2401 in
1190 2352 1476 2422 pristinam
1511 2352 1824 2403 servitutem
1861 2353 2065 2404 redeat.

219 2442 500 2493 Venerunt
537 2460 667 2512 ergo
701 2440 756 2490 in
791 2440 1086 2510 capitulum
1123 2450 1368 2491 nostrum
1403 2452 1572 2492 mater
1615 2461 1735 2492 cum
1772 2441 1896 2492 filiis
1931 2442 2068 2504 suis;

220 2538 272 2578 et
314 2527 438 2598 quia
485 2527 535 2578 d.
584 2548 628 2578 3.
678 2548 785 2578 non
836 2538 1050 2599 poterat
1095 2528 1309 2589 adesse,
1352 2531 1506 2599 jussu
1553 2531 1668 2600 ejus
1713 2540 1765 2580 et
1803 2530 1919 2580 vice
1957 2532 2072 2600 ejus

221 2615 595 2667 confirmatum
637 2627 717 2666 est
762 2636 789 2667 3
830 2617 1033 2687 priore,
1083 2637 1202 2667 cum
1249 2637 1471 2668 assensu
1504 2618 1671 2668 totius
1707 2618 1929 2688 capituli
1969 2618 2071 2668 hoc

218 2714 455 2773 pactum,
489 2704 628 2755 sicut
664 2705 914 2775 superius
952 2704 1223 2776 digestum
1258 2715 1372 2767 est;
1410 2705 1664 2756 videlicet
1696 2706 1788 2756 illa
1820 2715 1872 2756 et
1906 2705 2070 2755 frater

218 2794 333 2862 ejus
361 2791 684 2843 dimiserunt
711 2792 1075 2863 supradictam
1101 2803 1301 2843 terrain
1338 2795 1466 2844 Scto
1494 2793 1727 2844 Martino
1757 2793 1985 2844 solutam
2019 2804 2071 2843 et

217 2880 474 2950 quietam,
507 2891 559 2931 et
584 2880 700 2950 ipsa
726 2880 900 2932 libera
928 2880 1068 2932 facta
1096 2892 1176 2932 est
1208 2891 1367 2951 pacto
1395 2881 1728 2951 supradicto,
1761 2880 1925 2932 fratre
1954 2884 2068 2951 ejus

219 3130 353 3170 titure
392 3143 559 3171 comme
595 3129 632 3171 le
668 3144 837 3188 prouve
864 3130 910 3172 la
937 3131 1082 3172 notice
1109 3132 1341 3191 XLIVQ).
1372 3134 1486 3186 169),
1518 3147 1562 3174 α.
1609 3134 1746 3175 1102;
1776 3132 1986 3174 Domnus
2012 3157 2069 3164 --

220 3194 366 3235 abbas
393 3195 450 3235 H.
483 3203 526 3236 ct
549 3212 711 3236 nos—
730 3197 943 3252 petitioni
971 3198 1070 3252 ejus
1099 3197 1301 3239 libenter
1328 3200 1576 3239 annuimus
1604 3205 1648 3240 et
1675 3206 1766 3240 tam
1792 3199 1900 3254 ipsi,
1931 3213 2068 3255 quam

219 3261 355 3301 militi
392 3277 475 3302 suo
519 3263 699 3303 cuidam
727 3288 780 3293 --
823 3263 1090 3304 societatem
1136 3272 1345 3305 nostram
1388 3271 1432 3305 et
1474 3265 1881 3321 participationem
1921 3265 2066 3305 totius

220 3325 450 3369 benefacti
473 3328 639 3376 nostri,
671 3342 753 3385 per
775 3328 947 3370 librum
968 3330 1229 3386 quemdam,
1263 3331 1557 3372 tradidimus.
