2259 3692
912 147 1171 196 ..11-

119 279 312 349 pratis,
364 277 604 348 pascuis,
657 275 808 346 aquis
857 292 1212 345 aquarumvae
1264 272 1610 333 decursibus,
1662 272 1860 323 iunctis
1909 283 1963 323 et

119 365 437 425 subiunctis,
476 363 772 414 movelibus
807 373 859 412 et
890 360 1283 420 immovelibus,
1322 360 1467 410 omni
1493 380 1605 410 rem
1640 380 1829 420 meam,
1861 379 1961 431 pro

117 452 329 504 assidua
374 452 597 502 servicia
638 471 731 501 sua
773 450 856 501 vel
899 448 1275 500 benevolentia
1316 448 1390 508 ei,
1431 448 1569 498 sicut
1610 448 1746 509 dixi,
1792 450 1960 520 partis

117 540 247 591 duas
282 540 449 611 diligo
484 539 689 609 adquae
723 537 1044 589 transfundo
1079 536 1145 586 ad
1172 536 1290 586 diae
1317 546 1590 606 presente,
1621 537 1789 587 tercia
1808 544 1962 588 vere⁰

116 638 267 698 parte
295 628 360 678 ad
386 627 602 678 heredis
634 625 957 697 propinquis
988 644 1289 683 1·eservans,
1321 643 1381 674 ea
1406 634 1585 674 tamen
1613 623 1955 686 condicione,

116 726 190 776 ut,
223 716 344 766 dum
375 715 645 774 advixero,
676 713 806 763 mihi
833 713 886 763 in
914 712 1184 771 omnibus,
1214 722 1321 762 tam
1357 711 1422 761 de
1449 711 1590 762 victo
1620 732 1777 782 quam
1813 723 1865 762 et
1893 713 1959 764 de

114 804 325 863 vestito,
358 801 598 853 soniare¹
625 801 756 851 mihi
783 800 983 860 debiat,
1012 810 1064 850 et
1091 800 1204 869 ipsa
1232 810 1377 850 terra
1404 799 1717 869 prosolvere
1745 798 1954 850 saciat²2

114 901 167 941 et
207 889 466 961 quicquid
515 889 579 940 de
620 889 752 960 ipsis
799 888 929 939 duas
978 898 1159 958 partes
1209 886 1385 938 faeere
1426 887 1682 947 voluerit,
1729 887 1953 948 abendi,

112 977 353 1038 tenendi,
385 977 641 1038 donandi,
670 976 929 1027 vindendi
963 996 1056 1026 seu
1092 974 1476 1035 commutandi,
1511 975 1748 1045 absquae
1781 975 1957 1045 preiu-

114 1065 256 1116 dicio
312 1065 482 1116 sancti
535 1065 705 1125 illius,
760 1064 910 1116 cuius
964 1074 1109 1114 terre
1159 1083 1276 1114 esse
1324 1063 1564 1123 videtur,
1626 1063 1852 1114 liberam
1902 1063 1958 1113 in

113 1153 362 1204 omnibus
396 1154 554 1204 abeas
588 1153 911 1223 potestatem
947 1151 1198 1203 faciendi.
1235 1151 1293 1203 Si
1327 1151 1446 1222 quis
1480 1171 1627 1212 vero,
1660 1151 1807 1222 quod
1839 1150 1957 1202 fieri

113 1262 229 1292 esse
257 1261 363 1291 non
392 1241 572 1301 credo,
605 1241 650 1291 si
676 1241 837 1292 fuerit
863 1241 1195 1311 ullumquam
1221 1250 1465 1310 tempore
1493 1250 1582 1290 aut
1609 1259 1710 1311 ego
1737 1239 1841 1310 ipsi
1868 1250 1958 1291 aut

113 1329 252 1380 ullus
279 1329 343 1380 de
377 1329 669 1380 heredibus
705 1329 836 1380 meis
862 1329 944 1380 vel
973 1329 1214 1400 qualibet
1248 1329 1408 1379 homo
1435 1338 1525 1379 aut
1560 1338 1811 1379 extranea
1838 1348 1956 1399 per-

112 1436 260 1477 sona,
293 1417 383 1487 qui
418 1428 603 1467 contra
630 1418 768 1467 hanc
795 1417 1022 1487 epistola
1051 1417 1294 1467 cessione
1321 1416 1421 1467 ista
1455 1416 1639 1467 venire
1672 1427 1762 1467 aut
1795 1436 1956 1488 agere

112 1503 336 1554 fortasse
363 1505 774 1574 presumpserit,
814 1505 1151 1575 imprimetus
1171 1503 1191 1533 ά
1214 1505 1316 1555 Dei
1343 1504 1584 1555 incurrat
1617 1504 1876 1555 iudicium
1904 1514 1957 1555 et

111 1602 418 1642 sanctorum
453 1592 567 1642 loca
606 1590 868 1643 efficiatur
911 1603 1216 1653 extraneus,
1249 1603 1301 1643 et
1332 1593 1556 1663 insuper
1594 1592 1736 1643 inter
1768 1592 1869 1642 tibi
1904 1603 1956 1643 et

110 1689 302 1751 agento
338 1679 508 1729 sancti
550 1679 693 1730 illius
727 1690 908 1730 tantus
952 1691 1242 1750 conponat,
1287 1691 1339 1730 et
1382 1680 1528 1751 quod
1561 1690 1772 1751 repetat
1805 1680 1954 1731 nullo

111 1767 376 1839 congenio
419 1767 737 1818 evindecare
779 1787 887 1818 non
919 1768 1110 1829 valeat,
1150 1778 1203 1819 et
1234 1769 1367 1819 haee
1403 1768 1603 1819 cartola
1647 1768 1792 1819 omni
1824 1778 1953 1819 tem-

109 1875 241 1926 POI'C
276 1854 425 1905 fil'nlss
459 1866 771 1926 pel'lnssnesst·
781 1897 788 1906 .

110 2030 176 2077 ΝΟ
205 2035 295 2080 10.
335 2030 522 2079 Maure
541 2030 662 2078 cI’un
686 2031 1092 2097 serfconee'clant
1113 2032 1159 2082 Ia
1182 2032 1363 2082 liherte'
1387 2050 1492 2081 aaa?
1511 2032 1718 2098 enfants
1738 2034 1768 2080 ἐι
1787 2036 1953 2081 naitre

170 2110 320 2159 d'une
343 2111 533 2177 semme
561 2111 692 2160 libre
718 2113 812 2179 qui
851 2114 1036 2179 efpouse
1074 2131 1128 2161 ce
1160 2114 1289 2179 serf.
1334 2114 1409 2162 La
1442 2113 1632 2179 femme
1673 2112 1953 2162 elle-meme

172 2197 365 2240 restet-a
394 2191 541 2241 libre.
576 2191 764 2242 Clause
781 2193 987 2259 pe'nale.
1023 2193 1214 2243 Charte
1237 2196 1272 2242 3.

538 2346 610 2410 (Z.
639 2348 717 2411 59)
747 2347 919 2395 Form.
950 2348 1144 2396 Audeo.
1178 2349 1259 2412 (R.
1294 2348 1355 2397 G.
1389 2350 1518 2416 104).

181 2501 289 2550 Nos
317 2500 458 2550 enim
485 2500 563 2551 illi
590 2511 641 2550 ot
669 2501 864 2551 coniux
891 2522 1005 2553 mea
1034 2502 1141 2553 illa.
1174 2505 1314 2553 Dum
1345 2523 1449 2554 non
1483 2514 1563 2554 est
1589 2504 1945 2575 incognitum,

162 2675 198 2728 c)
228 2675 321 2716 Lis.
350 2690 475 2717 vcro.
507 2701 558 2707 —
586 2678 627 2721 d)
656 2677 750 2718 Lis.
782 2677 1027 2733 imprimis.

166 2773 203 2812 1.
241 2771 449 2826 Soigner.

165 2839 206 2878 2.
247 2854 261 2875 ι
293 2840 349 2878 lit
375 2836 410 2878 il
432 2838 597 2896 palera
624 2840 673 2893 (iz
700 2854 775 2881 ma
797 2839 954 2898 place)
976 2851 1099 2899 pout·
1125 2840 1171 2882 la
1199 2849 1311 2883 terre
1344 2860 1380 2882 ι.
1410 2841 1452 2883 Il
1478 2858 1542 2883 me
1576 2841 1739 2899 paruit
1773 2843 1948 2901 impos-

102 2901 217 2943 sible
244 2901 297 2944 de
324 2902 592 2945 ‹met-minet·
625 2904 671 2946 la
701 2913 862 2947 nature
889 2914 929 2947 et
963 2906 1001 2948 le
1035 2906 1137 2948 titre
1169 2908 1413 2966 jzcridc'que
1452 2908 1506 2950 de
1544 2915 1652 2949 cette
1685 2907 1942 2963 redevance,

103 2967 287 3025 (Γαρνὲε
313 2976 421 3009 cette
447 2969 568 3010 seule
588 2970 799 3025 formale.
832 2975 910 3013 Ces
939 2973 1233 3028 biens-fonds
1261 2989 1318 3015 οιι
1350 2992 1362 3011 τι
1397 2982 1508 3016 terre
1540 2992 1553 3014 »
1585 2981 1687 3015 sont
1725 2990 1775 3015 en
1815 2975 1947 3015 terri-

104 3033 214 3073 lm're
242 3032 451 3088 cl'e'glc'se,·
480 3049 534 3075 on
559 3038 775 3093 [Μαι-ναῖε
797 3040 1025 3096 [Μαί-ΕΔΓΒ
1053 3039 1379 3098 (([ίω--Ῐιιεῳίά
1407 3040 1504 3082 dire
1529 3056 1612 3099 que
1644 3039 1835 3097 (l’dglise
1872 3039 1947 3095 (le)

104 3114 148 3139 ce
174 3099 299 3139 salut
324 3115 373 3139 eu
399 3114 426 3140 (ι
455 3098 491 3139 le
519 3118 532 3138 ι
566 3100 778 3143 (Ιοηιαίιιο
805 3105 998 3146 eminent
1030 3124 1044 3144 υ
1067 3123 1076 3159 3
1106 3108 1161 3160 cf.
1195 3116 1246 3146 110
1274 3108 1312 3147 4.

161 3167 198 3204 53.
242 3166 319 3204 Ces
361 3164 539 3207 charles
577 3168 744 3209 &taient
787 3172 1009 3212 nomme'es
1058 3179 1211 3212 cartae
1260 3187 1317 3214 οιι
1370 3172 1597 3227 epistolae
1647 3173 1945 3213 conculcato-

103 3230 197 3270 riae
225 3228 278 3270 de
305 3229 500 3281 calcare,
526 3234 687 3287 [ἥττης.
721 3251 735 3270 «1
779 3235 970 3276 couchet·
999 3253 1036 3277 n.
1078 3237 1243 3279 C'e'tac't
1275 3237 1354 3278 des
1379 3238 1680 3296 permissious
1716 3237 1946 3279 d'lzabilet·

102 3309 204 3356 (ζετο
231 3295 351 3337 leurs
378 3297 536 3345 maris,
573 3294 657 3355 que
692 3298 898 3341 des-aient
932 3301 1110 3343 obtenir
1143 3302 1205 3344 les
1236 3305 1420 3358 semmes
1459 3303 1596 3345 libres
1632 3304 1759 3345 unies
1793 3305 1820 3344 ἁ
1864 3303 1943 3345 cles

101 3362 231 3417 ser-fs,
272 3376 391 3420 pom·
424 3377 508 3420 que
543 3369 650 3404 cette
692 3364 1010 3409 colzabitatc'on
1052 3383 1103 3410 ne
1139 3370 1297 3427 pot-tcit
1339 3370 1471 3427 point
1510 3369 1746 3428 pre'judc'ce
1783 3370 1812 3412 ὰ
1847 3368 1944 3411 leur
