2259 3692
906 107 1163 155 „40-

107 230 380 281 naturales
421 229 560 280 filios
593 230 900 292 habuerit¹,
955 232 999 282 si
1041 251 1132 282 eos
1172 232 1227 282 in
1269 252 1362 283 sua
1404 232 1637 283 voluerit
1669 233 1956 286 instituere

105 317 428 378 hereditate,
460 318 693 389 qualit-er
728 319 782 369 in
818 339 972 370 suum
1000 319 1181 390 potius
1209 320 1494 371 arbitrium
1529 320 1596 370 ad
1622 319 1856 372 faciendi
1890 321 1956 373 de

104 404 159 455 id
199 415 353 475 pater
393 405 516 466 hoc,
565 406 712 477 quod
748 407 800 457 in
836 427 927 458 eos
970 407 1220 469 voluerit,
1268 408 1494 458 liberam
1536 408 1733 459 habeat
1766 420 1951 479 potes-

102 503 285 544 tatem.
313 493 551 565 Ideoque
579 514 680 566 ego
707 495 817 556 ille,
858 495 983 546 dum
1020 516 1129 546 non
1165 507 1245 547 cst
1278 496 1638 567 incognitum,
1670 507 1729 547 ut
1758 497 1957 549 femina

104 581 284 651 aliqua
311 601 507 632 nomen
535 582 625 633 illa
658 583 796 633 bene
832 583 1065 655 ingenua
1096 583 1162 634 ad
1191 584 1503 655 esmiugium
1539 584 1737 635 sociavi
1764 605 1951 646 uxore,

104 668 199 719 sed
226 669 399 739 qualis
428 690 613 720 causas
640 671 723 721 vel
752 682 995 741 tempora
1024 672 1155 721 mihi
1183 683 1594 742 oppresserunt,
1620 683 1678 722 ut
1699 673 1956 723 cartolam

104 756 303 807 libellis
331 757 470 808 dotis
492 758 558 808 ad
585 779 664 819 ea,
697 759 835 809 sicut
856 759 942 809 lex
962 759 1219 820 declarat,
1252 760 1472 810 minime
1500 760 1731 810 excessit
1752 760 1949 821 facere,

105 845 247 895 unde
298 845 399 916 ipsi
451 845 546 896 filii
582 847 685 896 mei
729 847 1027 897 secundum
1071 847 1190 919 lege
1227 848 1487 898 naturalis
1531 848 1808 918 appellant
1827 846 1862 909 ὁ,
1902 860 1954 900 et

105 932 244 983 filios
285 933 339 983 in
383 954 443 984 ea
491 935 765 1005 generavi,
813 935 964 985 cuius
1009 936 1370 1006 baptismumc
1405 936 1639 987 nomima
1672 937 1953 1007 posuimus

103 1020 225 1071 illos
275 1032 327 1071 et
376 1021 531 1072 illos:
584 1033 876 1092 propterea
909 1023 1049 1083 volQ
1103 1022 1201 1073 utd
1234 1024 1468 1094 predicti
1517 1024 1614 1074 filii
1662 1024 1767 1075 mei
1802 1025 1948 1075 omni

103 1128 331 1179 corpore
375 1109 643 1160 facultatis
680 1110 811 1160 meis
853 1110 907 1160 in
949 1130 1089 1182 pago
1124 1111 1235 1170 illo,
1274 1111 1329 1161 in
1371 1111 1489 1162 loca
1541 1112 1954 1164 denominantes

100 1196 222 1247 illos
257 1207 308 1247 et
335 1197 476 1257 illos,
508 1197 563 1247 in
591 1197 888 1269 legitimam
917 1198 1319 1249 successionem
1343 1197 1598 1270 {debeatis
1634 1200 1834 1251 addere
1867 1201 1954 1251 ad-

101 1291 393 1355 patuere03
432 1285 536 1335 hoc
564 1296 644 1335 est
677 1296 785 1336 tam
818 1285 999 1346 terris,
1033 1286 1253 1346 mansis,
1285 1306 1391 1337 una
1419 1307 1540 1337 cum
1576 1307 1738 1358 super
1759 1288 1952 1358 positis

103 1372 372 1433 domibus,
413 1372 705 1434 aedeficiis,
743 1373 1028 1445 utriusque
1063 1375 1280 1446 generis
1317 1395 1473 1426 sexus
1517 1375 1766 1446 peculiis,
1810 1396 1961 1427 man-

103 1460 258 1530 cipiis
307 1460 511 1511 ibidem
554 1462 965 1523 commanentis,
1011 1473 1120 1512 tam
1162 1463 1401 1513 ibideme
1437 1483 1597 1534 quam
1648 1474 1700 1514 et
1735 1464 1953 1515 aliunde

102 1548 387 1609 tranlatus,
427 1548 566 1599 sicut
593 1549 720 1611 dixi,
754 1550 901 1620 quod
927 1561 1113 1602 nostra
1140 1561 1221 1601 cst
1252 1551 1526 1622 possessio
1561 1551 1806 1603 ethaeos
1838 1572 1952 1604 suc--

106 1637 410 1687 cessionum
451 1648 738 1707 parentum
773 1638 931 1689 nobis
965 1639 1204 1699 obvenit,
1236 1650 1344 1690 tam
1386 1639 1451 1690 de
1494 1639 1652 1690 alodo
1695 1660 1856 1711 quam
1891 1641 1957 1692 de

104 1724 414 1795 conparado
440 1725 522 1775 vel
552 1725 617 1776 de
647 1726 889 1796 qualibet
919 1726 1221 1778 adtractum
1249 1727 1563 1778 adnoscitur
1594 1729 1952 1798 pervenisset,

105 1812 172 1863 ad
220 1812 305 1863 die
347 1824 602 1883 presente
651 1825 836 1865 nostra
879 1826 959 1865 est
1008 1815 1282 1886 possessio
1330 1816 1412 1866 vel
1465 1815 1781 1876 dominatio,
1837 1836 1957 1868 cum

105 1900 250 1951 0111111
292 1901 408 1951 iure
458 1912 510 1951 et.
555 1902 747 1953 merito
794 1914 846 1953 ct
895 1923 1109 1954 omnem
1146 1924 1259 1954 rem
1305 1904 1651 1974 inexquisita,
1710 1905 1956 1975 quando-

105 1988 324 2059 quidem
375 1989 611 2039 moricns
655 1989 1020 2061 dereliquero,
1076 1992 1131 2041 in
1180 2003 1357 2042 vestra
1406 1992 1650 2043 debeatis
1700 2013 1954 2044 revocare

102 2087 390 2147 potestate,
431 2077 802 2129 dominatione
851 2090 903 2129 et
948 2079 1155 2130 faciatis
1191 2080 1384 2130 exinde
1428 2080 1546 2130 iuro
1588 2081 1954 2152 proprietario

105 2164 251 2234 quod
298 2165 598 2227 volueritis,
639 2177 691 2216 et
738 2167 918 2218 nullus
967 2168 1120 2218 vobis
1166 2168 1230 2218 de
1281 2188 1439 2219 0111110
1487 2169 1791 2219 hereditate
1840 2190 1956 2220 mea

103 2253 393 2323 repudiare
468 2273 575 2303 non
657 2254 851 2306 debeat.
908 2276 1007 2306 nec
1078 2256 1254 2307 facere
1325 2257 1516 2327 possit.
1591 2257 1956 2328 Stipulatione

107 2341 354 2392 subnixa.

165 2754 208 2805 b)
234 2755 329 2795 Lis.
358 2755 670 2810 appellantur.
693 2781 745 2786 —
770 2763 807 2809 c)
834 2756 925 2797 Lis.
946 2756 1117 2812 quibus
1148 2755 1401 2811 baptismo.
1428 2779 1485 2786 -—
1507 2756 1552 2810 d)
1582 2754 1748 2813 Suppl.
1774 2772 1873 2796 vos.
1903 2781 1957 2788 —

107 2821 146 2873 e)
173 2822 235 2860 De
256 2821 365 2861 ΗΘΖ.
398 2821 600 2877 corrige:
629 2822 757 2862 adire
784 2822 855 2862 vel
883 2822 1253 2878 adprehendere.
1278 2821 1512 2862 Petit-&cre
1532 2820 1705 2875 faut-il
1729 2820 1824 2873 lire,
1854 2837 1957 2864 avec

106 2888 294 2927 Zeumer
313 2901 325 2926 :
346 2887 567 2927 accedere
588 2894 632 2927 et
659 2887 818 2942 potiri.
846 2913 902 2918 —
929 2895 965 2940 e)
994 2890 1057 2928 De
1082 2889 1193 2928 Roz.
1223 2902 1362 2945 supp.
1391 2887 1606 2927 oriundis
1634 2887 1704 2942 (9).
1734 2912 1785 2918 —
1810 2888 1839 2942 f)
1862 2888 1952 2929 Lis.

108 2966 161 2992 ex
185 2966 500 2993 successione.

108 3053 171 3095 (Ζιι
210 3060 366 3112 tenzps,
401 3069 457 3095 un
498 3062 614 3096 ἰσχία
648 3056 828 3113 posilis',
870 3071 950 3098 cat·
987 3058 1075 3097 tres
1100 3062 1286 3097 sous-eut
1324 3054 1386 3096 les
1417 3073 1431 3094 u
1464 3055 1581 3112 leges
1621 3058 1858 3098 Romanae
1885 3075 1899 3096 »
1927 3072 1957 3113 3·

107 3120 437 3178 apparuissent
461 3120 664 3175 altcssre'es,
695 3121 751 3163 cle'
772 3125 946 3178 zgurdes
971 3137 1027 3163 oti
1056 3123 1190 3162 infime
1207 3123 1434 3176 sausse'es.
1466 3123 1568 3178 Voy.
1592 3125 1763 3178 Zeum.,
1783 3138 1829 3180 p.
1853 3125 1950 3177 908,

107 3192 208 3227 note
236 3189 277 3227 1.

167 3254 207 3293 1.
243 3254 357 3294 Awec
399 3269 469 3295 ces
509 3255 691 3308 alifanis
735 3253 955 3304 natm-als,
1011 3261 1074 3297 cei
1124 3253 1334 3297 indiwiclu
1385 3254 1481 3296 te'en
1541 3270 1569 3296 α
1610 3269 1700 3314 pas
1750 3253 1954 3297 cl'alctres

113 3317 383 3374 (le'gitimes).
