<?xml version="1.0" encoding="UTF-8"?>
<!DOCTYPE html PUBLIC "-//W3C//DTD XHTML 1.0 Transitional//EN"
    "http://www.w3.org/TR/xhtml1/DTD/xhtml1-transitional.dtd">
<html xmlns="http://www.w3.org/1999/xhtml" xml:lang="en" lang="en">
 <head>
  <title>
</title>
<meta http-equiv="Content-Type" content="text/html;charset=utf-8" />
  <meta name='ocr-system' content='tesseract 3.04.00' />
  <meta name='ocr-capabilities' content='ocr_page ocr_carea ocr_par ocr_line ocrx_word'/>
</head>
<body>
  <div class='ocr_page' id='page_1' title='image "./textesrelatifsau00thuoft_0237.png"; bbox 0 0 2259 3692; ppageno 0'>
   <div class='ocr_carea' id='block_1_1' title="bbox 928 243 1220 293">
    <p class='ocr_par' dir='ltr' id='par_1_1' title="bbox 928 243 1220 293">
     <span class='ocr_line' id='line_1_1' title="bbox 928 243 1220 293; baseline 0 0"><span class='ocrx_word' id='word_1_1' title='bbox 928 273 987 281; x_wconf 89' lang='lat'><strong>-—-</strong></span> <span class='ocrx_word' id='word_1_2' title='bbox 1028 243 1120 293; x_wconf 72' lang='lat'><strong>213</strong></span> <span class='ocrx_word' id='word_1_3' title='bbox 1161 273 1220 281; x_wconf 92' lang='lat'>—</span> 
     </span>
    </p>
   </div>
   <div class='ocr_carea' id='block_1_2' title="bbox 145 367 1993 3525">
    <p class='ocr_par' dir='ltr' id='par_1_2' title="bbox 145 367 1993 3525">
     <span class='ocr_line' id='line_1_2' title="bbox 145 367 1986 444; baseline 0.003 -24"><span class='ocrx_word' id='word_1_4' title='bbox 145 369 362 420; x_wconf 78' lang='lat' dir='ltr'><strong>vitatem</strong></span> <span class='ocrx_word' id='word_1_5' title='bbox 408 370 580 420; x_wconf 86' lang='lat' dir='ltr'><strong>sancti</strong></span> <span class='ocrx_word' id='word_1_6' title='bbox 628 369 888 420; x_wconf 88' lang='lat' dir='ltr'><strong>Johannis</strong></span> <span class='ocrx_word' id='word_1_7' title='bbox 937 367 1217 430; x_wconf 81' lang='lat' dir='ltr'><strong>‘Babtiste,</strong></span> <span class='ocrx_word' id='word_1_8' title='bbox 1271 369 1413 420; x_wconf 89' lang='lat' dir='ltr'><strong>idem</strong></span> <span class='ocrx_word' id='word_1_9' title='bbox 1461 371 1735 434; x_wconf 88' lang='lat' dir='ltr'><strong>homines,</strong></span> <span class='ocrx_word' id='word_1_10' title='bbox 1789 374 1882 444; x_wconf 84' lang='lat' dir='ltr'><strong>qui</strong></span> <span class='ocrx_word' id='word_1_11' title='bbox 1930 394 1986 427; x_wconf 88' lang='lat' dir='ltr'><strong>se</strong></span> 
     </span>
     <span class='ocr_line' id='line_1_3' title="bbox 147 456 1982 528; baseline 0.003 -20"><span class='ocrx_word' id='word_1_12' title='bbox 147 457 399 508; x_wconf 89' lang='lat' dir='ltr'><strong>dicebant</strong></span> <span class='ocrx_word' id='word_1_13' title='bbox 442 456 728 518; x_wconf 87' lang='lat' dir='ltr'><strong>alodarios‚</strong></span> <span class='ocrx_word' id='word_1_14' title='bbox 783 467 904 508; x_wconf 91' lang='lat' dir='ltr'><strong>ante</strong></span> <span class='ocrx_word' id='word_1_15' title='bbox 954 467 1252 527; x_wconf 72' lang='lat' dir='ltr'>potestates</span> <span class='ocrx_word' id='word_1_16' title='bbox 1295 457 1643 528; x_wconf 81' lang='lat' dir='ltr'><strong>fidejussores</strong></span> <span class='ocrx_word' id='word_1_17' title='bbox 1694 460 1982 524; x_wconf 88' lang='lat' dir='ltr'><strong>dederunt,</strong></span> 
     </span>
     <span class='ocr_line' id='line_1_4' title="bbox 147 544 1989 616; baseline 0.004 -21"><span class='ocrx_word' id='word_1_18' title='bbox 147 555 223 605; x_wconf 86' lang='lat' dir='ltr'><strong>ut,</strong></span> <span class='ocrx_word' id='word_1_19' title='bbox 261 555 531 596; x_wconf 86' lang='lat' dir='ltr'><strong>transacta</strong></span> <span class='ocrx_word' id='word_1_20' title='bbox 566 546 736 596; x_wconf 89' lang='lat' dir='ltr'><strong>sancti</strong></span> <span class='ocrx_word' id='word_1_21' title='bbox 764 545 995 616; x_wconf 84' lang='lat' dir='ltr'><strong>apostoli</strong></span> <span class='ocrx_word' id='word_1_22' title='bbox 1038 544 1326 596; x_wconf 86' lang='lat' dir='ltr'><strong>festivitate</strong></span> <span class='ocrx_word' id='word_1_23' title='bbox 1361 547 1527 607; x_wconf 89' lang='lat' dir='ltr'><strong>Petri,</strong></span> <span class='ocrx_word' id='word_1_24' title='bbox 1571 547 1864 600; x_wconf 79' lang='lat' dir='ltr'><strong>redderent</strong></span> <span class='ocrx_word' id='word_1_25' title='bbox 1899 562 1989 603; x_wconf 86' lang='lat' dir='ltr'><strong>aut</strong></span> 
     </span>
     <span class='ocr_line' id='line_1_5' title="bbox 147 632 1989 703; baseline 0.003 -19"><span class='ocrx_word' id='word_1_26' title='bbox 147 632 521 684; x_wconf 79' lang='lat' dir='ltr'><strong>defenderent.</strong></span> <span class='ocrx_word' id='word_1_27' title='bbox 579 634 788 698; x_wconf 85' lang='lat' dir='ltr'>Quibus</span> <span class='ocrx_word' id='word_1_28' title='bbox 837 634 1008 684; x_wconf 87' lang='lat' dir='ltr'><strong>visum</strong></span> <span class='ocrx_word' id='word_1_29' title='bbox 1060 643 1141 683; x_wconf 91' lang='lat' dir='ltr'><strong>est</strong></span> <span class='ocrx_word' id='word_1_30' title='bbox 1191 634 1343 703; x_wconf 85' lang='lat' dir='ltr'>quasi</span> <span class='ocrx_word' id='word_1_31' title='bbox 1392 633 1834 698; x_wconf 78' lang='lat' dir='ltr'><strong>deliramentum,</strong></span> <span class='ocrx_word' id='word_1_32' title='bbox 1889 658 1989 690; x_wconf 87' lang='lat' dir='ltr'><strong>nec</strong></span> 
     </span>
     <span class='ocr_line' id='line_1_6' title="bbox 146 720 1989 792; baseline 0.003 -20"><span class='ocrx_word' id='word_1_33' title='bbox 146 731 469 772; x_wconf 80' lang='lat' dir='ltr'><strong>curaverunt</strong></span> <span class='ocrx_word' id='word_1_34' title='bbox 502 721 637 772; x_wconf 85' lang='lat' dir='ltr'><strong>illud</strong></span> <span class='ocrx_word' id='word_1_35' title='bbox 671 721 951 773; x_wconf 88' lang='lat' dir='ltr'><strong>attendere</strong></span> <span class='ocrx_word' id='word_1_36' title='bbox 977 720 1400 792; x_wconf 78' lang='lat' dir='ltr'><strong>plevimentum3</strong></span> <span class='ocrx_word' id='word_1_37' title='bbox 1439 723 1602 784; x_wconf 90' lang='lat' dir='ltr'><strong>unde,</strong></span> <span class='ocrx_word' id='word_1_38' title='bbox 1634 723 1786 775; x_wconf 91' lang='lat' dir='ltr'><strong>illum</strong></span> <span class='ocrx_word' id='word_1_39' title='bbox 1820 736 1989 778; x_wconf 88' lang='lat' dir='ltr'><strong>trans-</strong></span> 
     </span>
     <span class='ocr_line' id='line_1_7' title="bbox 145 809 1990 885; baseline 0.003 -25"><span class='ocrx_word' id='word_1_40' title='bbox 145 809 456 881; x_wconf 72' lang='lat' dir='ltr'><strong>gredientes</strong></span> <span class='ocrx_word' id='word_1_41' title='bbox 490 810 800 871; x_wconf 90' lang='lat' dir='ltr'><strong>terminum,</strong></span> <span class='ocrx_word' id='word_1_42' title='bbox 838 810 1116 881; x_wconf 87' lang='lat' dir='ltr'><strong>petierunt</strong></span> <span class='ocrx_word' id='word_1_43' title='bbox 1157 810 1261 861; x_wconf 88' lang='lat' dir='ltr'><strong>sibi</strong></span> <span class='ocrx_word' id='word_1_44' title='bbox 1297 810 1443 861; x_wconf 90' lang='lat' dir='ltr'><strong>aliud</strong></span> <span class='ocrx_word' id='word_1_45' title='bbox 1486 812 1739 882; x_wconf 89' lang='lat' dir='ltr'><strong>spatium,</strong></span> <span class='ocrx_word' id='word_1_46' title='bbox 1786 813 1839 864; x_wconf 91' lang='lat' dir='ltr'><strong>in</strong></span> <span class='ocrx_word' id='word_1_47' title='bbox 1884 834 1990 885; x_wconf 85' lang='lat' dir='ltr'><strong>quo</strong></span> 
     </span>
     <span class='ocr_line' id='line_1_8' title="bbox 146 897 1990 969; baseline 0.002 -20"><span class='ocrx_word' id='word_1_48' title='bbox 146 909 370 969; x_wconf 79' lang='lat' dir='ltr'><strong>possent</strong></span> <span class='ocrx_word' id='word_1_49' title='bbox 396 897 572 949; x_wconf 84' lang='lat' dir='ltr'><strong>facere</strong></span> <span class='ocrx_word' id='word_1_50' title='bbox 599 899 865 969; x_wconf 74' lang='lat' dir='ltr'><strong>exagium.</strong></span> <span class='ocrx_word' id='word_1_51' title='bbox 893 899 1012 963; x_wconf 87' lang='lat' dir='ltr'><strong>Quo</strong></span> <span class='ocrx_word' id='word_1_52' title='bbox 1039 908 1280 968; x_wconf 83' lang='lat' dir='ltr'><strong>peracte,</strong></span> <span class='ocrx_word' id='word_1_53' title='bbox 1313 899 1415 949; x_wconf 91' lang='lat' dir='ltr'><strong>Dei</strong></span> <span class='ocrx_word' id='word_1_54' title='bbox 1437 899 1693 969; x_wconf 87' lang='lat' dir='ltr'><strong>juditium</strong></span> <span class='ocrx_word' id='word_1_55' title='bbox 1720 912 1907 953; x_wconf 89' lang='lat' dir='ltr'><strong>contra</strong></span> <span class='ocrx_word' id='word_1_56' title='bbox 1935 922 1990 954; x_wconf 91' lang='lat' dir='ltr'><strong>se</strong></span> 
     </span>
     <span class='ocr_line' id='line_1_9' title="bbox 147 985 1985 1059; baseline 0.003 -23"><span class='ocrx_word' id='word_1_57' title='bbox 147 986 411 1046; x_wconf 76' lang='lat' dir='ltr'><strong>videntes,</strong></span> <span class='ocrx_word' id='word_1_58' title='bbox 465 996 811 1037; x_wconf 88' lang='lat' dir='ltr'><strong>recesserunt</strong></span> <span class='ocrx_word' id='word_1_59' title='bbox 860 985 1126 1036; x_wconf 78' lang='lat' dir='ltr'><strong>dolentes.</strong></span> <span class='ocrx_word' id='word_1_60' title='bbox 1167 986 1360 1037; x_wconf 83' lang='lat' dir='ltr'><strong>Adhuc</strong></span> <span class='ocrx_word' id='word_1_61' title='bbox 1396 987 1541 1038; x_wconf 88' lang='lat' dir='ltr'><strong>aliud</strong></span> <span class='ocrx_word' id='word_1_62' title='bbox 1587 1000 1985 1059; x_wconf 81' lang='lat' dir='ltr'><strong>presumentes,</strong></span> 
     </span>
     <span class='ocr_line' id='line_1_10' title="bbox 148 1074 1989 1146; baseline 0.002 -20"><span class='ocrx_word' id='word_1_63' title='bbox 148 1074 415 1145; x_wconf 86' lang='lat' dir='ltr'><strong>quandam</strong></span> <span class='ocrx_word' id='word_1_64' title='bbox 458 1074 829 1125; x_wconf 80' lang='lat' dir='ltr'><strong>mulierculam</strong></span> <span class='ocrx_word' id='word_1_65' title='bbox 870 1085 1225 1135; x_wconf 84' lang='lat' dir='ltr'><strong>assumentes,</strong></span> <span class='ocrx_word' id='word_1_66' title='bbox 1267 1077 1450 1146; x_wconf 87' lang='lat' dir='ltr'><strong>jurare</strong></span> <span class='ocrx_word' id='word_1_67' title='bbox 1500 1076 1697 1138; x_wconf 88' lang='lat' dir='ltr'><strong>fecere,</strong></span> <span class='ocrx_word' id='word_1_68' title='bbox 1745 1077 1989 1130; x_wconf 90' lang='lat' dir='ltr'><strong>dicentes</strong></span> 
     </span>
     <span class='ocr_line' id='line_1_11' title="bbox 148 1162 1987 1237; baseline 0.003 -24"><span class='ocrx_word' id='word_1_69' title='bbox 148 1162 294 1234; x_wconf 87' lang='lat' dir='ltr'><strong>quod</strong></span> <span class='ocrx_word' id='word_1_70' title='bbox 334 1162 470 1214; x_wconf 89' lang='lat' dir='ltr'><strong>illud</strong></span> <span class='ocrx_word' id='word_1_71' title='bbox 519 1163 768 1233; x_wconf 86' lang='lat' dir='ltr'><strong>predium</strong></span> <span class='ocrx_word' id='word_1_72' title='bbox 812 1163 1011 1233; x_wconf 87' lang='lat' dir='ltr'><strong>justius</strong></span> <span class='ocrx_word' id='word_1_73' title='bbox 1046 1174 1228 1214; x_wconf 85' lang='lat' dir='ltr'><strong>essent</strong></span> <span class='ocrx_word' id='word_1_74' title='bbox 1277 1164 1355 1214; x_wconf 90' lang='lat' dir='ltr'><strong>illi</strong></span> <span class='ocrx_word' id='word_1_75' title='bbox 1405 1165 1770 1235; x_wconf 83' lang='lat' dir='ltr'><strong>possidentes,</strong></span> <span class='ocrx_word' id='word_1_76' title='bbox 1829 1187 1987 1237; x_wconf 89' lang='lat' dir='ltr'><strong>quam</strong></span> 
     </span>
     <span class='ocr_line' id='line_1_12' title="bbox 148 1251 1988 1325; baseline 0.002 -23"><span class='ocrx_word' id='word_1_77' title='bbox 148 1251 417 1302; x_wconf 80' lang='lat' dir='ltr'><strong>advoearii</strong></span> <span class='ocrx_word' id='word_1_78' title='bbox 452 1251 624 1301; x_wconf 86' lang='lat' dir='ltr'><strong>saneti</strong></span> <span class='ocrx_word' id='word_1_79' title='bbox 667 1251 901 1304; x_wconf 78' lang='lat' dir='ltr'><strong>Victoris</strong></span> <span class='ocrx_word' id='word_1_80' title='bbox 935 1251 1296 1322; x_wconf 84' lang='lat' dir='ltr'><strong>requirentes.</strong></span> <span class='ocrx_word' id='word_1_81' title='bbox 1347 1252 1456 1304; x_wconf 85' lang='lat' dir='ltr'><strong>Sed</strong></span> <span class='ocrx_word' id='word_1_82' title='bbox 1494 1253 1619 1323; x_wconf 89' lang='lat' dir='ltr'><strong>quia</strong></span> <span class='ocrx_word' id='word_1_83' title='bbox 1659 1254 1750 1305; x_wconf 88' lang='lat' dir='ltr'><strong>illa</strong></span> <span class='ocrx_word' id='word_1_84' title='bbox 1786 1256 1988 1325; x_wconf 86' lang='lat' dir='ltr'><strong>juratio</strong></span> 
     </span>
     <span class='ocr_line' id='line_1_13' title="bbox 148 1339 1989 1410; baseline 0.003 -20"><span class='ocrx_word' id='word_1_85' title='bbox 148 1360 255 1390; x_wconf 89' lang='grc'><strong>11011</strong></span> <span class='ocrx_word' id='word_1_86' title='bbox 283 1339 627 1409; x_wconf 86' lang='lat' dir='ltr'><strong>fueritjusta,</strong></span> <span class='ocrx_word' id='word_1_87' title='bbox 668 1360 790 1390; x_wconf 79' lang='lat' dir='ltr'><strong>mox</strong></span> <span class='ocrx_word' id='word_1_88' title='bbox 822 1340 1070 1410; x_wconf 86' lang='lat' dir='ltr'><strong>probavit</strong></span> <span class='ocrx_word' id='word_1_89' title='bbox 1103 1360 1291 1391; x_wconf 89' lang='lat' dir='ltr'><strong>manus</strong></span> <span class='ocrx_word' id='word_1_90' title='bbox 1333 1341 1574 1392; x_wconf 88' lang='lat' dir='ltr'><strong>mulieris</strong></span> <span class='ocrx_word' id='word_1_91' title='bbox 1617 1353 1821 1394; x_wconf 84' lang='lat' dir='ltr'><strong>exusta.</strong></span> <span class='ocrx_word' id='word_1_92' title='bbox 1879 1344 1989 1396; x_wconf 87' lang='lat' dir='ltr'><strong>Sed</strong></span> 
     </span>
     <span class='ocr_line' id='line_1_14' title="bbox 148 1427 1988 1499; baseline 0.003 -22"><span class='ocrx_word' id='word_1_93' title='bbox 148 1427 226 1478; x_wconf 89' lang='lat' dir='ltr'><strong>illi</strong></span> <span class='ocrx_word' id='word_1_94' title='bbox 262 1427 406 1478; x_wconf 90' lang='lat' dir='ltr'><strong>aliud</strong></span> <span class='ocrx_word' id='word_1_95' title='bbox 437 1427 708 1487; x_wconf 70' lang='lat' dir='ltr'><strong>viderunt,</strong></span> <span class='ocrx_word' id='word_1_96' title='bbox 749 1427 894 1478; x_wconf 89' lang='lat' dir='ltr'><strong>aliud</strong></span> <span class='ocrx_word' id='word_1_97' title='bbox 927 1427 1251 1489; x_wconf 88' lang='lat' dir='ltr'><strong>retulerunt,</strong></span> <span class='ocrx_word' id='word_1_98' title='bbox 1284 1438 1354 1489; x_wconf 88' lang='lat' dir='ltr'><strong>et,</strong></span> <span class='ocrx_word' id='word_1_99' title='bbox 1393 1440 1516 1499; x_wconf 89' lang='lat' dir='ltr'><strong>post</strong></span> <span class='ocrx_word' id='word_1_100' title='bbox 1549 1430 1721 1482; x_wconf 87' lang='lat' dir='ltr'><strong>sancti</strong></span> <span class='ocrx_word' id='word_1_101' title='bbox 1753 1431 1988 1484; x_wconf 88' lang='lat' dir='ltr'><strong>Victoris</strong></span> 
     </span>
     <span class='ocr_line' id='line_1_15' title="bbox 148 1515 1990 1589; baseline 0.003 -24"><span class='ocrx_word' id='word_1_102' title='bbox 148 1515 621 1586; x_wconf 85' lang='lat' dir='ltr'><strong>sollempnitatem,</strong></span> <span class='ocrx_word' id='word_1_103' title='bbox 653 1516 911 1586; x_wconf 85' lang='lat' dir='ltr'><strong>placitum</strong></span> <span class='ocrx_word' id='word_1_104' title='bbox 940 1526 1298 1577; x_wconf 81' lang='lat' dir='ltr'><strong>mutaverunt,</strong></span> <span class='ocrx_word' id='word_1_105' title='bbox 1339 1527 1499 1588; x_wconf 89' lang='lat' dir='ltr'><strong>atque</strong></span> <span class='ocrx_word' id='word_1_106' title='bbox 1519 1517 1573 1568; x_wconf 90' lang='lat' dir='ltr'><strong>in</strong></span> <span class='ocrx_word' id='word_1_107' title='bbox 1594 1518 1763 1589; x_wconf 85' lang='lat' dir='ltr'><strong>ipsam</strong></span> <span class='ocrx_word' id='word_1_108' title='bbox 1789 1530 1990 1571; x_wconf 87' lang='lat' dir='ltr'><strong>terram</strong></span> 
     </span>
     <span class='ocr_line' id='line_1_16' title="bbox 147 1603 1990 1678; baseline 0.003 -25"><span class='ocrx_word' id='word_1_109' title='bbox 147 1624 202 1654; x_wconf 92' lang='lat' dir='ltr'><strong>se</strong></span> <span class='ocrx_word' id='word_1_110' title='bbox 236 1604 406 1654; x_wconf 89' lang='lat' dir='ltr'><strong>ituros</strong></span> <span class='ocrx_word' id='word_1_111' title='bbox 443 1603 713 1664; x_wconf 83' lang='lat' dir='ltr'><strong>dixerunt,</strong></span> <span class='ocrx_word' id='word_1_112' title='bbox 739 1603 923 1674; x_wconf 78' lang='lat' dir='ltr'><strong>ibique</strong></span> <span class='ocrx_word' id='word_1_113' title='bbox 952 1623 1066 1654; x_wconf 89' lang='lat' dir='ltr'><strong>eam</strong></span> <span class='ocrx_word' id='word_1_114' title='bbox 1095 1603 1389 1656; x_wconf 81' lang='lat' dir='ltr'><strong>defendere</strong></span> <span class='ocrx_word' id='word_1_115' title='bbox 1410 1616 1499 1656; x_wconf 87' lang='lat' dir='ltr'><strong>aut</strong></span> <span class='ocrx_word' id='word_1_116' title='bbox 1526 1606 1756 1658; x_wconf 82' lang='lat' dir='ltr'><strong>reddere</strong></span> <span class='ocrx_word' id='word_1_117' title='bbox 1784 1608 1990 1678; x_wconf 88' lang='lat' dir='ltr'><strong>promi-</strong></span> 
     </span>
     <span class='ocr_line' id='line_1_17' title="bbox 147 1692 1990 1753; baseline 0.003 -11"><span class='ocrx_word' id='word_1_118' title='bbox 147 1703 350 1742; x_wconf 86' lang='lat' dir='ltr'><strong>serunt.</strong></span> <span class='ocrx_word' id='word_1_119' title='bbox 391 1692 645 1742; x_wconf 89' lang='lat' dir='ltr'><strong>Monachi</strong></span> <span class='ocrx_word' id='word_1_120' title='bbox 683 1711 810 1742; x_wconf 73' lang='lat' dir='ltr'><strong>vero</strong></span> <span class='ocrx_word' id='word_1_121' title='bbox 845 1702 902 1742; x_wconf 89' lang='lat' dir='ltr'><strong>ut</strong></span> <span class='ocrx_word' id='word_1_122' title='bbox 936 1692 1243 1753; x_wconf 87' lang='lat' dir='ltr'><strong>audierunt,</strong></span> <span class='ocrx_word' id='word_1_123' title='bbox 1292 1694 1508 1744; x_wconf 89' lang='lat' dir='ltr'><strong>archam</strong></span> <span class='ocrx_word' id='word_1_124' title='bbox 1543 1695 1715 1745; x_wconf 86' lang='lat' dir='ltr'><strong>sancti</strong></span> <span class='ocrx_word' id='word_1_125' title='bbox 1755 1696 1990 1749; x_wconf 86' lang='lat' dir='ltr'><strong>Victoris</strong></span> 
     </span>
     <span class='ocr_line' id='line_1_18' title="bbox 148 1779 1991 1853; baseline 0.003 -23"><span class='ocrx_word' id='word_1_126' title='bbox 148 1780 273 1831; x_wconf 90' lang='lat' dir='ltr'><strong>illue</strong></span> <span class='ocrx_word' id='word_1_127' title='bbox 308 1779 646 1840; x_wconf 87' lang='lat' dir='ltr'><strong>detulerunt,</strong></span> <span class='ocrx_word' id='word_1_128' title='bbox 692 1790 744 1830; x_wconf 92' lang='lat' dir='ltr'><strong>et</strong></span> <span class='ocrx_word' id='word_1_129' title='bbox 776 1780 952 1831; x_wconf 89' lang='lat' dir='ltr'><strong>tribus</strong></span> <span class='ocrx_word' id='word_1_130' title='bbox 992 1780 1183 1831; x_wconf 89' lang='lat' dir='ltr'><strong>diebus</strong></span> <span class='ocrx_word' id='word_1_131' title='bbox 1217 1781 1556 1853; x_wconf 87' lang='lat' dir='ltr'><strong>totidemque</strong></span> <span class='ocrx_word' id='word_1_132' title='bbox 1591 1783 1843 1835; x_wconf 88' lang='lat' dir='ltr'><strong>noctibus</strong></span> <span class='ocrx_word' id='word_1_133' title='bbox 1878 1784 1991 1836; x_wconf 86' lang='lat' dir='ltr'><strong>illic</strong></span> 
     </span>
     <span class='ocr_line' id='line_1_19' title="bbox 149 1868 1987 1943; baseline 0.002 -23"><span class='ocrx_word' id='word_1_134' title='bbox 149 1889 267 1920; x_wconf 86' lang='lat' dir='ltr'><strong>cum</strong></span> <span class='ocrx_word' id='word_1_135' title='bbox 321 1888 382 1919; x_wconf 91' lang='lat' dir='ltr'><strong>ea</strong></span> <span class='ocrx_word' id='word_1_136' title='bbox 434 1879 766 1919; x_wconf 88' lang='lat' dir='ltr'><strong>manserunt.</strong></span> <span class='ocrx_word' id='word_1_137' title='bbox 838 1868 946 1920; x_wconf 86' lang='lat' dir='ltr'><strong>Sed</strong></span> <span class='ocrx_word' id='word_1_138' title='bbox 1002 1869 1300 1940; x_wconf 83' lang='lat' dir='ltr'><strong>supradicti</strong></span> <span class='ocrx_word' id='word_1_139' title='bbox 1355 1871 1603 1922; x_wconf 89' lang='lat' dir='ltr'><strong>homines</strong></span> <span class='ocrx_word' id='word_1_140' title='bbox 1661 1872 1808 1942; x_wconf 85' lang='lat' dir='ltr'><strong>quod</strong></span> <span class='ocrx_word' id='word_1_141' title='bbox 1858 1893 1987 1943; x_wconf 88' lang='lat' dir='ltr'><strong>pro-</strong></span> 
     </span>
     <span class='ocr_line' id='line_1_20' title="bbox 150 1956 1985 2030; baseline 0.003 -24"><span class='ocrx_word' id='word_1_142' title='bbox 150 1957 405 2007; x_wconf 87' lang='lat' dir='ltr'><strong>miserant</strong></span> <span class='ocrx_word' id='word_1_143' title='bbox 438 1976 546 2007; x_wconf 91' lang='lat' dir='ltr'><strong>non</strong></span> <span class='ocrx_word' id='word_1_144' title='bbox 581 1956 948 2008; x_wconf 87' lang='lat' dir='ltr'><strong>attenderunt.</strong></span> <span class='ocrx_word' id='word_1_145' title='bbox 981 1959 1225 2009; x_wconf 85' lang='lat' dir='ltr'><strong>Domnus</strong></span> <span class='ocrx_word' id='word_1_146' title='bbox 1261 1978 1390 2030; x_wconf 79' lang='lat' dir='ltr'><strong>ergo</strong></span> <span class='ocrx_word' id='word_1_147' title='bbox 1419 1959 1708 2030; x_wconf 88' lang='lat' dir='ltr'><strong>episcopus</strong></span> <span class='ocrx_word' id='word_1_148' title='bbox 1736 1960 1985 2024; x_wconf 85' lang='lat' dir='ltr'><strong>civitatis,</strong></span> 
     </span>
     <span class='ocr_line' id='line_1_21' title="bbox 148 2044 1990 2109; baseline 0.003 -13"><span class='ocrx_word' id='word_1_149' title='bbox 148 2045 330 2096; x_wconf 86' lang='lat' dir='ltr'><strong>audito</strong></span> <span class='ocrx_word' id='word_1_150' title='bbox 380 2044 444 2095; x_wconf 89' lang='lat' dir='ltr'><strong>de</strong></span> <span class='ocrx_word' id='word_1_151' title='bbox 501 2045 778 2095; x_wconf 89' lang='lat' dir='ltr'><strong>monachis</strong></span> <span class='ocrx_word' id='word_1_152' title='bbox 837 2045 903 2096; x_wconf 88' lang='lat' dir='ltr'><strong>ad</strong></span> <span class='ocrx_word' id='word_1_153' title='bbox 965 2046 1347 2098; x_wconf 84' lang='lat' dir='ltr'><strong>revertendum</strong></span> <span class='ocrx_word' id='word_1_154' title='bbox 1411 2047 1696 2109; x_wconf 87' lang='lat' dir='ltr'><strong>induratis,</strong></span> <span class='ocrx_word' id='word_1_155' title='bbox 1760 2049 1990 2101; x_wconf 87' lang='lat' dir='ltr'><strong>consilio</strong></span> 
     </span>
     <span class='ocr_line' id='line_1_22' title="bbox 150 2134 1991 2205; baseline 0.003 -21"><span class='ocrx_word' id='word_1_156' title='bbox 150 2134 429 2205; x_wconf 86' lang='lat' dir='ltr'><strong>utriusque</strong></span> <span class='ocrx_word' id='word_1_157' title='bbox 455 2134 757 2204; x_wconf 87' lang='lat' dir='ltr'><strong>potestatis,</strong></span> <span class='ocrx_word' id='word_1_158' title='bbox 796 2135 1035 2205; x_wconf 85' lang='lat' dir='ltr'><strong>perrexit</strong></span> <span class='ocrx_word' id='word_1_159' title='bbox 1070 2135 1135 2186; x_wconf 85' lang='lat' dir='ltr'><strong>ad</strong></span> <span class='ocrx_word' id='word_1_160' title='bbox 1162 2155 1253 2186; x_wconf 91' lang='lat' dir='ltr'><strong>eos</strong></span> <span class='ocrx_word' id='word_1_161' title='bbox 1288 2155 1447 2187; x_wconf 88' lang='lat' dir='ltr'><strong>causa</strong></span> <span class='ocrx_word' id='word_1_162' title='bbox 1480 2136 1744 2198; x_wconf 84' lang='lat' dir='ltr'><strong>karitatis,</strong></span> <span class='ocrx_word' id='word_1_163' title='bbox 1784 2148 1836 2188; x_wconf 88' lang='lat' dir='ltr'><strong>et</strong></span> <span class='ocrx_word' id='word_1_164' title='bbox 1870 2158 1991 2190; x_wconf 88' lang='lat' dir='ltr'><strong>eum</strong></span> 
     </span>
     <span class='ocr_line' id='line_1_23' title="bbox 147 2222 1993 2293; baseline 0.003 -20"><span class='ocrx_word' id='word_1_165' title='bbox 147 2222 223 2273; x_wconf 91' lang='lat' dir='ltr'><strong>eis</strong></span> <span class='ocrx_word' id='word_1_166' title='bbox 250 2222 505 2293; x_wconf 87' lang='lat' dir='ltr'><strong>loquutus</strong></span> <span class='ocrx_word' id='word_1_167' title='bbox 533 2233 614 2273; x_wconf 93' lang='lat' dir='ltr'><strong>est</strong></span> <span class='ocrx_word' id='word_1_168' title='bbox 633 2222 831 2273; x_wconf 88' lang='lat' dir='ltr'><strong>blande</strong></span> <span class='ocrx_word' id='word_1_169' title='bbox 859 2223 986 2274; x_wconf 89' lang='lat' dir='ltr'><strong>satis</strong></span> <span class='ocrx_word' id='word_1_170' title='bbox 1012 2244 1021 2274; x_wconf 90' lang='lat'>:</span> <span class='ocrx_word' id='word_1_171' title='bbox 1055 2245 1078 2271; x_wconf 87' lang='lat'>«</span> <span class='ocrx_word' id='word_1_172' title='bbox 1112 2223 1276 2288; x_wconf 81' lang='lat' dir='ltr'><strong>Quid,</strong></span> <span class='ocrx_word' id='word_1_173' title='bbox 1302 2223 1496 2275; x_wconf 82' lang='lat' dir='ltr'><strong>fratres</strong></span> <span class='ocrx_word' id='word_1_174' title='bbox 1522 2225 1646 2285; x_wconf 90' lang='lat' dir='ltr'><strong>mei,</strong></span> <span class='ocrx_word' id='word_1_175' title='bbox 1678 2225 1765 2276; x_wconf 88' lang='lat' dir='ltr'><strong>hic</strong></span> <span class='ocrx_word' id='word_1_176' title='bbox 1794 2226 1946 2278; x_wconf 90' lang='lat' dir='ltr'><strong>statis</strong></span> <span class='ocrx_word' id='word_1_177' title='bbox 1971 2227 1993 2279; x_wconf 71' lang='grc' dir='ltr'><strong>ἶ)</strong></span> 
     </span>
     <span class='ocr_line' id='line_1_24' title="bbox 151 2310 1985 2384; baseline 0.002 -22"><span class='ocrx_word' id='word_1_178' title='bbox 151 2310 368 2362; x_wconf 81' lang='lat' dir='ltr'><strong>Mandat</strong></span> <span class='ocrx_word' id='word_1_179' title='bbox 400 2311 552 2361; x_wconf 88' lang='lat' dir='ltr'><strong>vobis</strong></span> <span class='ocrx_word' id='word_1_180' title='bbox 602 2330 751 2362; x_wconf 88' lang='lat' dir='ltr'><strong>meus</strong></span> <span class='ocrx_word' id='word_1_181' title='bbox 793 2321 965 2381; x_wconf 85' lang='lat' dir='ltr'><strong>pater,</strong></span> <span class='ocrx_word' id='word_1_182' title='bbox 1020 2322 1072 2362; x_wconf 91' lang='lat' dir='ltr'><strong>et</strong></span> <span class='ocrx_word' id='word_1_183' title='bbox 1121 2311 1350 2363; x_wconf 88' lang='lat' dir='ltr'><strong>domnus</strong></span> <span class='ocrx_word' id='word_1_184' title='bbox 1393 2312 1580 2374; x_wconf 90' lang='lat' dir='ltr'><strong>Fulco,</strong></span> <span class='ocrx_word' id='word_1_185' title='bbox 1633 2315 1748 2384; x_wconf 87' lang='lat' dir='ltr'><strong>ejus</strong></span> <span class='ocrx_word' id='word_1_186' title='bbox 1800 2313 1985 2376; x_wconf 88' lang='lat' dir='ltr'><strong>frater,</strong></span> 
     </span>
     <span class='ocr_line' id='line_1_25' title="bbox 148 2398 1990 2468; baseline 0.002 -19"><span class='ocrx_word' id='word_1_187' title='bbox 148 2419 284 2458; x_wconf 84' lang='lat' dir='ltr'><strong>eras,</strong></span> <span class='ocrx_word' id='word_1_188' title='bbox 321 2399 455 2449; x_wconf 88' lang='lat' dir='ltr'><strong>hora</strong></span> <span class='ocrx_word' id='word_1_189' title='bbox 488 2398 663 2468; x_wconf 88' lang='lat' dir='ltr'><strong>prima</strong></span> <span class='ocrx_word' id='word_1_190' title='bbox 704 2398 830 2459; x_wconf 88' lang='lat' dir='ltr'><strong>diei,</strong></span> <span class='ocrx_word' id='word_1_191' title='bbox 869 2398 1113 2450; x_wconf 84' lang='lat' dir='ltr'><strong>reducite</strong></span> <span class='ocrx_word' id='word_1_192' title='bbox 1149 2400 1364 2450; x_wconf 89' lang='lat' dir='ltr'><strong>archam</strong></span> <span class='ocrx_word' id='word_1_193' title='bbox 1406 2401 1640 2451; x_wconf 87' lang='lat' dir='ltr'><strong>martiris</strong></span> <span class='ocrx_word' id='word_1_194' title='bbox 1674 2401 1728 2452; x_wconf 90' lang='lat' dir='ltr'><strong>in</strong></span> <span class='ocrx_word' id='word_1_195' title='bbox 1772 2401 1990 2453; x_wconf 89' lang='lat' dir='ltr'><strong>domum</strong></span> 
     </span>
     <span class='ocr_line' id='line_1_26' title="bbox 148 2486 1990 2559; baseline 0.002 -22"><span class='ocrx_word' id='word_1_196' title='bbox 148 2486 248 2537; x_wconf 84' lang='lat' dir='ltr'><strong>Dei</strong></span> <span class='ocrx_word' id='word_1_197' title='bbox 274 2507 282 2536; x_wconf 75' lang='grc' dir='ltr'>ε</span> <span class='ocrx_word' id='word_1_198' title='bbox 314 2497 366 2537; x_wconf 93' lang='lat' dir='ltr'><strong>et</strong></span> <span class='ocrx_word' id='word_1_199' title='bbox 399 2487 555 2536; x_wconf 89' lang='lat' dir='ltr'><strong>nobis</strong></span> <span class='ocrx_word' id='word_1_200' title='bbox 590 2486 989 2537; x_wconf 85' lang='lat' dir='ltr'><strong>revertentibus</strong></span> <span class='ocrx_word' id='word_1_201' title='bbox 1018 2486 1235 2538; x_wconf 88' lang='lat' dir='ltr'><strong>finietur</strong></span> <span class='ocrx_word' id='word_1_202' title='bbox 1264 2507 1422 2539; x_wconf 88' lang='lat' dir='ltr'><strong>causa</strong></span> <span class='ocrx_word' id='word_1_203' title='bbox 1444 2488 1605 2559; x_wconf 87' lang='lat' dir='ltr'><strong>hujus</strong></span> <span class='ocrx_word' id='word_1_204' title='bbox 1634 2489 1729 2540; x_wconf 88' lang='lat' dir='ltr'><strong>rei.</strong></span> <span class='ocrx_word' id='word_1_205' title='bbox 1765 2511 1791 2538; x_wconf 88' lang='lat'>»</span> <span class='ocrx_word' id='word_1_206' title='bbox 1830 2490 1990 2555; x_wconf 87' lang='lat' dir='ltr'><strong>Quod</strong></span> 
     </span>
     <span class='ocr_line' id='line_1_27' title="bbox 148 2574 1989 2648; baseline 0.003 -24"><span class='ocrx_word' id='word_1_207' title='bbox 148 2574 219 2625; x_wconf 89' lang='lat' dir='ltr'><strong>ita</strong></span> <span class='ocrx_word' id='word_1_208' title='bbox 261 2585 313 2625; x_wconf 89' lang='lat' dir='ltr'><strong>et</strong></span> <span class='ocrx_word' id='word_1_209' title='bbox 363 2574 558 2625; x_wconf 86' lang='lat' dir='ltr'><strong>factum</strong></span> <span class='ocrx_word' id='word_1_210' title='bbox 600 2584 698 2624; x_wconf 90' lang='lat' dir='ltr'><strong>est.</strong></span> <span class='ocrx_word' id='word_1_211' title='bbox 753 2574 942 2644; x_wconf 74' lang='lat' dir='ltr'><strong>Igitur,</strong></span> <span class='ocrx_word' id='word_1_212' title='bbox 995 2594 1152 2626; x_wconf 89' lang='lat' dir='ltr'><strong>eausa</strong></span> <span class='ocrx_word' id='word_1_213' title='bbox 1192 2575 1487 2646; x_wconf 88' lang='lat' dir='ltr'><strong>tanstisper</strong></span> <span class='ocrx_word' id='word_1_214' title='bbox 1537 2576 1719 2638; x_wconf 87' lang='lat' dir='ltr'><strong>dilata,</strong></span> <span class='ocrx_word' id='word_1_215' title='bbox 1766 2587 1818 2628; x_wconf 91' lang='lat' dir='ltr'><strong>et</strong></span> <span class='ocrx_word' id='word_1_216' title='bbox 1865 2588 1989 2648; x_wconf 88' lang='lat' dir='ltr'><strong>post</strong></span> 
     </span>
     <span class='ocr_line' id='line_1_28' title="bbox 150 2661 1987 2725; baseline 0.003 -13"><span class='ocrx_word' id='word_1_217' title='bbox 150 2661 281 2713; x_wconf 76' lang='lat' dir='ltr'><strong>festa</strong></span> <span class='ocrx_word' id='word_1_218' title='bbox 322 2673 504 2713; x_wconf 88' lang='lat' dir='ltr'><strong>sancte</strong></span> <span class='ocrx_word' id='word_1_219' title='bbox 546 2662 713 2713; x_wconf 79' lang='lat' dir='ltr'><strong>Marie</strong></span> <span class='ocrx_word' id='word_1_220' title='bbox 749 2672 829 2713; x_wconf 90' lang='lat' dir='ltr'><strong>est</strong></span> <span class='ocrx_word' id='word_1_221' title='bbox 862 2662 1137 2714; x_wconf 87' lang='lat' dir='ltr'><strong>translata.</strong></span> <span class='ocrx_word' id='word_1_222' title='bbox 1192 2666 1410 2725; x_wconf 79' lang='lat' dir='ltr'><strong>Verum,</strong></span> <span class='ocrx_word' id='word_1_223' title='bbox 1463 2665 1618 2715; x_wconf 88' lang='lat' dir='ltr'><strong>beate</strong></span> <span class='ocrx_word' id='word_1_224' title='bbox 1652 2665 1821 2717; x_wconf 89' lang='lat' dir='ltr'><strong>Marie</strong></span> <span class='ocrx_word' id='word_1_225' title='bbox 1866 2686 1987 2718; x_wconf 83' lang='lat' dir='ltr'><strong>mox</strong></span> 
     </span>
     <span class='ocr_line' id='line_1_29' title="bbox 148 2751 1986 2814; baseline 0.003 -13"><span class='ocrx_word' id='word_1_226' title='bbox 148 2751 415 2802; x_wconf 85' lang='lat' dir='ltr'><strong>celebrata</strong></span> <span class='ocrx_word' id='word_1_227' title='bbox 459 2751 754 2812; x_wconf 79' lang='lat' dir='ltr'><strong>nativitate,</strong></span> <span class='ocrx_word' id='word_1_228' title='bbox 794 2751 1043 2802; x_wconf 86' lang='lat' dir='ltr'><strong>monaehi</strong></span> <span class='ocrx_word' id='word_1_229' title='bbox 1094 2751 1344 2803; x_wconf 89' lang='lat' dir='ltr'><strong>abierunt</strong></span> <span class='ocrx_word' id='word_1_230' title='bbox 1386 2752 1440 2803; x_wconf 90' lang='lat' dir='ltr'><strong>in</strong></span> <span class='ocrx_word' id='word_1_231' title='bbox 1475 2753 1763 2814; x_wconf 88' lang='lat' dir='ltr'><strong>civitatem,</strong></span> <span class='ocrx_word' id='word_1_232' title='bbox 1817 2754 1986 2806; x_wconf 89' lang='lat' dir='ltr'><strong>inter-</strong></span> 
     </span>
     <span class='ocr_line' id='line_1_30' title="bbox 147 2839 1986 2910; baseline 0.003 -21"><span class='ocrx_word' id='word_1_233' title='bbox 147 2839 412 2910; x_wconf 84' lang='lat' dir='ltr'><strong>pellantes</strong></span> <span class='ocrx_word' id='word_1_234' title='bbox 470 2839 534 2890; x_wconf 88' lang='lat' dir='ltr'><strong>de</strong></span> <span class='ocrx_word' id='word_1_235' title='bbox 591 2840 693 2890; x_wconf 86' lang='lat' dir='ltr'><strong>hoe</strong></span> <span class='ocrx_word' id='word_1_236' title='bbox 749 2850 1032 2910; x_wconf 87' lang='lat' dir='ltr'><strong>utramque</strong></span> <span class='ocrx_word' id='word_1_237' title='bbox 1086 2850 1428 2910; x_wconf 89' lang='lat' dir='ltr'><strong>potestatem.</strong></span> <span class='ocrx_word' id='word_1_238' title='bbox 1490 2841 1614 2907; x_wconf 86' lang='lat' dir='ltr'><strong>Qui,</strong></span> <span class='ocrx_word' id='word_1_239' title='bbox 1675 2842 1986 2894; x_wconf 89' lang='lat' dir='ltr'><strong>hominibus</strong></span> 
     </span>
     <span class='ocr_line' id='line_1_31' title="bbox 149 2927 1982 2998; baseline 0.003 -22"><span class='ocrx_word' id='word_1_240' title='bbox 149 2927 366 2987; x_wconf 83' lang='lat' dir='ltr'><strong>voeatis,</strong></span> <span class='ocrx_word' id='word_1_241' title='bbox 398 2927 608 2998; x_wconf 88' lang='lat' dir='ltr'><strong>loquuti</strong></span> <span class='ocrx_word' id='word_1_242' title='bbox 643 2938 768 2978; x_wconf 90' lang='lat' dir='ltr'><strong>sunt</strong></span> <span class='ocrx_word' id='word_1_243' title='bbox 802 2927 867 2978; x_wconf 86' lang='lat' dir='ltr'><strong>ad</strong></span> <span class='ocrx_word' id='word_1_244' title='bbox 901 2948 993 2978; x_wconf 90' lang='lat' dir='ltr'><strong>eos</strong></span> <span class='ocrx_word' id='word_1_245' title='bbox 1035 2927 1167 2979; x_wconf 89' lang='lat' dir='ltr'><strong>dure</strong></span> <span class='ocrx_word' id='word_1_246' title='bbox 1204 2928 1364 2980; x_wconf 87' lang='lat' dir='ltr'><strong>satis:</strong></span> <span class='ocrx_word' id='word_1_247' title='bbox 1405 2951 1429 2977; x_wconf 92' lang='lat'>«</span> <span class='ocrx_word' id='word_1_248' title='bbox 1470 2929 1680 2981; x_wconf 87' lang='lat' dir='ltr'><strong>Inimici</strong></span> <span class='ocrx_word' id='word_1_249' title='bbox 1721 2931 1982 2992; x_wconf 87' lang='lat' dir='ltr'><strong>veritatis,</strong></span> 
     </span>
     <span class='ocr_line' id='line_1_32' title="bbox 147 3015 1985 3089; baseline 0.003 -25"><span class='ocrx_word' id='word_1_250' title='bbox 147 3035 429 3085; x_wconf 81' lang='lat' dir='ltr'><strong>quousque</strong></span> <span class='ocrx_word' id='word_1_251' title='bbox 457 3035 639 3070; x_wconf 82' lang='lat' dir='ltr'><strong>servos</strong></span> <span class='ocrx_word' id='word_1_252' title='bbox 674 3015 775 3066; x_wconf 91' lang='lat' dir='ltr'><strong>Dei</strong></span> <span class='ocrx_word' id='word_1_253' title='bbox 810 3015 1091 3086; x_wconf 72' lang='lat' dir='ltr'><strong>fatigatis?</strong></span> <span class='ocrx_word' id='word_1_254' title='bbox 1127 3016 1183 3067; x_wconf 89' lang='lat' dir='ltr'><strong>Si</strong></span> <span class='ocrx_word' id='word_1_255' title='bbox 1225 3037 1347 3068; x_wconf 77' lang='lat' dir='ltr'><strong>vera</strong></span> <span class='ocrx_word' id='word_1_256' title='bbox 1382 3027 1463 3068; x_wconf 89' lang='lat' dir='ltr'><strong>est</strong></span> <span class='ocrx_word' id='word_1_257' title='bbox 1495 3028 1671 3069; x_wconf 77' lang='lat' dir='ltr'><strong>vestra</strong></span> <span class='ocrx_word' id='word_1_258' title='bbox 1712 3019 1985 3089; x_wconf 88' lang='lat' dir='ltr'><strong>possessio</strong></span> 
     </span>
     <span class='ocr_line' id='line_1_33' title="bbox 146 3102 1985 3174; baseline 0.003 -22"><span class='ocrx_word' id='word_1_259' title='bbox 146 3102 483 3163; x_wconf 84' lang='lat' dir='ltr'><strong>hereditatis,</strong></span> <span class='ocrx_word' id='word_1_260' title='bbox 516 3103 847 3174; x_wconf 86' lang='lat' dir='ltr'><strong>precipimus</strong></span> <span class='ocrx_word' id='word_1_261' title='bbox 875 3114 932 3154; x_wconf 87' lang='lat' dir='ltr'><strong>ut</strong></span> <span class='ocrx_word' id='word_1_262' title='bbox 965 3104 1143 3155; x_wconf 86' lang='lat' dir='ltr'><strong>statim</strong></span> <span class='ocrx_word' id='word_1_263' title='bbox 1172 3104 1495 3156; x_wconf 81' lang='lat' dir='ltr'><strong>defendatis.</strong></span> <span class='ocrx_word' id='word_1_264' title='bbox 1527 3106 1687 3171; x_wconf 86' lang='lat' dir='ltr'><strong>Quod</strong></span> <span class='ocrx_word' id='word_1_265' title='bbox 1714 3106 1758 3157; x_wconf 91' lang='lat' dir='ltr'><strong>si</strong></span> <span class='ocrx_word' id='word_1_266' title='bbox 1787 3106 1858 3158; x_wconf 89' lang='lat' dir='ltr'><strong>ita</strong></span> <span class='ocrx_word' id='word_1_267' title='bbox 1878 3127 1985 3159; x_wconf 90' lang='lat' dir='ltr'><strong>non</strong></span> 
     </span>
     <span class='ocr_line' id='line_1_34' title="bbox 145 3190 1986 3261; baseline 0.003 -21"><span class='ocrx_word' id='word_1_268' title='bbox 145 3210 262 3241; x_wconf 89' lang='lat' dir='ltr'><strong>esse</strong></span> <span class='ocrx_word' id='word_1_269' title='bbox 297 3191 517 3261; x_wconf 83' lang='lat' dir='ltr'><strong>putatis,</strong></span> <span class='ocrx_word' id='word_1_270' title='bbox 551 3193 659 3259; x_wconf 87' lang='lat' dir='ltr'><strong>jam</strong></span> <span class='ocrx_word' id='word_1_271' title='bbox 688 3190 899 3242; x_wconf 88' lang='lat' dir='ltr'><strong>reddite</strong></span> <span class='ocrx_word' id='word_1_272' title='bbox 934 3191 990 3241; x_wconf 91' lang='lat' dir='ltr'><strong>in</strong></span> <span class='ocrx_word' id='word_1_273' title='bbox 1019 3211 1177 3243; x_wconf 88' lang='lat' dir='ltr'><strong>manu</strong></span> <span class='ocrx_word' id='word_1_274' title='bbox 1213 3193 1441 3244; x_wconf 87' lang='lat' dir='ltr'><strong>abbatis.</strong></span> <span class='ocrx_word' id='word_1_275' title='bbox 1483 3215 1508 3241; x_wconf 89' lang='lat'>»</span> <span class='ocrx_word' id='word_1_276' title='bbox 1545 3193 1775 3260; x_wconf 88' lang='lat' dir='ltr'><strong>Quidam</strong></span> <span class='ocrx_word' id='word_1_277' title='bbox 1809 3205 1986 3246; x_wconf 86' lang='lat' dir='ltr'><strong>autem</strong></span> 
     </span>
     <span class='ocr_line' id='line_1_35' title="bbox 147 3278 1984 3351; baseline 0.003 -23"><span class='ocrx_word' id='word_1_278' title='bbox 147 3298 351 3337; x_wconf 89' lang='lat' dir='ltr'><strong>eorum,</strong></span> <span class='ocrx_word' id='word_1_279' title='bbox 384 3298 480 3348; x_wconf 85' lang='lat' dir='ltr'><strong>per</strong></span> <span class='ocrx_word' id='word_1_280' title='bbox 516 3278 780 3347; x_wconf 80' lang='lat' dir='ltr'><strong>judicium</strong></span> <span class='ocrx_word' id='word_1_281' title='bbox 822 3279 1063 3330; x_wconf 78' lang='lat' dir='ltr'><strong>veritatis</strong></span> <span class='ocrx_word' id='word_1_282' title='bbox 1098 3291 1491 3350; x_wconf 76' lang='lat' dir='ltr'><strong>cognoscentes</strong></span> <span class='ocrx_word' id='word_1_283' title='bbox 1538 3302 1593 3331; x_wconf 89' lang='lat' dir='ltr'><strong>se</strong></span> <span class='ocrx_word' id='word_1_284' title='bbox 1629 3282 1827 3351; x_wconf 82' lang='lat' dir='ltr'><strong>injuste</strong></span> <span class='ocrx_word' id='word_1_285' title='bbox 1869 3301 1984 3333; x_wconf 89' lang='lat' dir='ltr'><strong>eam</strong></span> 
     </span>
     <span class='ocr_line' id='line_1_36' title="bbox 147 3365 1977 3437; baseline 0.002 -22"><span class='ocrx_word' id='word_1_286' title='bbox 147 3365 455 3435; x_wconf 81' lang='lat' dir='ltr'><strong>possedisse</strong></span> <span class='ocrx_word' id='word_1_287' title='bbox 499 3366 645 3425; x_wconf 86' lang='lat' dir='ltr'><strong>satis,</strong></span> <span class='ocrx_word' id='word_1_288' title='bbox 699 3367 958 3416; x_wconf 84' lang='lat' dir='ltr'><strong>continuo</strong></span> <span class='ocrx_word' id='word_1_289' title='bbox 1001 3367 1411 3437; x_wconf 82' lang='lat' dir='ltr'><strong>dereliquerunt</strong></span> <span class='ocrx_word' id='word_1_290' title='bbox 1451 3369 1503 3419; x_wconf 93' lang='lat' dir='ltr'><strong>in</strong></span> <span class='ocrx_word' id='word_1_291' title='bbox 1554 3389 1711 3420; x_wconf 88' lang='lat' dir='ltr'><strong>manu</strong></span> <span class='ocrx_word' id='word_1_292' title='bbox 1750 3369 1977 3419; x_wconf 88' lang='lat' dir='ltr'><strong>abbatis.</strong></span> 
     </span>
     <span class='ocr_line' id='line_1_37' title="bbox 152 3453 1982 3525; baseline 0.003 -22"><span class='ocrx_word' id='word_1_293' title='bbox 152 3453 259 3503; x_wconf 86' lang='lat' dir='ltr'><strong>Sed</strong></span> <span class='ocrx_word' id='word_1_294' title='bbox 286 3453 392 3514; x_wconf 75' lang='lat' dir='ltr'><strong>alii,</strong></span> <span class='ocrx_word' id='word_1_295' title='bbox 431 3454 484 3504; x_wconf 89' lang='lat' dir='ltr'><strong>in</strong></span> <span class='ocrx_word' id='word_1_296' title='bbox 511 3454 875 3506; x_wconf 79' lang='lat' dir='ltr'><strong>obstinatione</strong></span> <span class='ocrx_word' id='word_1_297' title='bbox 909 3454 1287 3525; x_wconf 84' lang='lat' dir='ltr'><strong>perdurantes,</strong></span> <span class='ocrx_word' id='word_1_298' title='bbox 1312 3456 1580 3518; x_wconf 81' lang='lat' dir='ltr'><strong>abierunt,</strong></span> <span class='ocrx_word' id='word_1_299' title='bbox 1613 3456 1771 3509; x_wconf 85' lang='lat' dir='ltr'><strong>fidem</strong></span> <span class='ocrx_word' id='word_1_300' title='bbox 1793 3456 1982 3509; x_wconf 85' lang='lat' dir='ltr'><strong>dantes</strong></span> 
     </span>
    </p>
   </div>
  </div>
 </body>
</html>
