2259 3692
906 110 1166 172 ..33-

107 336 173 382 N⁰
198 340 294 386 33.
340 334 610 393 Quitlance
647 335 832 384 remise
871 337 900 383 ἐι
941 352 1007 382 un
1047 333 1284 383 (Ie'hiteur
1316 351 1455 400 pour
1497 333 1632 383 tenir
1661 333 1759 383 lieu
1802 333 1955 382 d'une

171 415 339 463 cautio
357 414 576 481 perclue.
609 415 670 465 Si
697 415 743 464 la
770 416 938 464 cautio
964 433 1018 464 se
1045 415 1344 477 retrouvait,
1383 420 1510 464 celte
1538 415 1804 482 quittance
1833 414 1955 464 l'an-

173 494 398 545 nulerait
423 495 484 545 cle
501 495 652 562 plein
676 496 828 545 droit.

541 650 614 715 (Z.
644 650 721 716 24)
753 650 933 699 Cartae
961 651 1147 699 Senon.
1181 650 1263 715 (R.
1298 649 1358 698 G.
1388 650 1522 715 380).

846 806 1215 856 Evacuatoria.

181 923 357 975 Fratri
401 923 492 973 illo
542 923 650 974 ille.
701 923 966 974 Omnibus
1016 943 1125 973 non
1173 924 1404 974 habetur
1446 922 1803 995 incognitum,
1851 942 1955 993 que

109 1031 210 1084 ego
237 1011 304 1062 ad
336 1011 601 1082 petitione
633 1021 724 1061 tua
753 1010 954 1061 solidos
982 1021 1160 1061 tantos
1190 1011 1255 1061 ad
1281 1011 1601 1082 praestitum
1629 1010 1955 1062 beneficium

108 1099 163 1150 in
196 1119 354 1150 manu
389 1109 476 1149 tua
513 1099 614 1148 tibi
647 1098 915 1168 praestiti,
954 1109 1007 1148 et
1046 1109 1104 1148 tu
1138 1118 1238 1168 pro
1280 1099 1383 1149 1100
1423 1099 1529 1149 tale
1570 1098 1801 1169 epistula
1837 1119 1954 1149 cau-

106 1187 254 1237 tione
298 1187 353 1236 111
399 1206 482 1236 1110
525 1185 839 1246 adfirmasti,
880 1196 937 1236 ut
979 1206 1151 1256 usque
1198 1206 1367 1236 annos
1413 1197 1593 1236 tantos
1634 1186 1689 1236 in
1724 1187 1955 1257 quisque

47 1340 52 1343 .
106 1274 407 1326 ebdomada
450 1274 564 1324 dies
598 1284 779 1324 tantos
815 1293 980 1344 opera
1022 1293 1139 1324 mea
1182 1273 1358 1324 facere
1394 1274 1647 1336 deberis;
1688 1273 1835 1344 quod
1882 1274 1955 1325 ita

105 1373 157 1413 et
183 1361 359 1413 fecisti
383 1384 393 1423 3
425 1361 491 1412 ad
516 1361 717 1432 placito
742 1359 752 1385 ¹
779 1361 897 1432 ipso
927 1361 1113 1411 debito
1141 1382 1260 1412 meo
1289 1361 1421 1412 mihi
1447 1361 1678 1412 reddere
1706 1361 1952 1425 deberis3

108 1449 253 1521 quod
287 1450 359 1500 ita
394 1460 447 1500 et
497 1449 692 1500 fecisti.
740 1451 807 1500 Et
848 1469 949 1522 ego
991 1449 1107 1520 ipsa
1150 1450 1400 1500 cautione
1446 1450 1666 1500 minime
1711 1450 1955 1501 invenire

107 1558 288 1609 posso.
322 1539 617 1608 Propterea
644 1537 750 1587 tale
779 1537 1008 1608 epistola
1036 1538 1376 1588 evacuaturia
1406 1538 1459 1587 in
1488 1548 1541 1588 te
1570 1537 1686 1588 fieri
1713 1548 1766 1588 et
1800 1538 1954 1588 adfir-

107 1646 252 1677 mare
280 1626 484 1698 rogavi,
522 1636 598 1685 ut,
639 1646 694 1676 se
722 1625 837 1696 ipsa
874 1625 1050 1676 cautio
1083 1625 1420 1696 ullumquam
1456 1636 1702 1696 tempore
1736 1626 1955 1677 inventa

106 1725 197 1765 aut
222 1724 437 1785 reperta
471 1713 653 1774 suerit,
692 1713 901 1764 nullum
929 1714 1184 1764 obteneat
1213 1712 1466 1764 effectum
1500 1724 1553 1764 et
1579 1714 1954 1765 evacuaturia⁰

106 1802 283 1853 inanis
318 1813 666 1873 permaneat3
705 1812 757 1852 et
799 1821 898 1852 1100
950 1822 1050 1873 ego
1083 1801 1199 1872 ipse
1242 1822 1341 1852 nec
1375 1801 1517 1852 ullus
1552 1802 1617 1852 de
1659 1802 1955 1853 heredibus

107 1890 240 1941 meis
274 1890 357 1940 vel
394 1890 653 1960 quislibet
681 1889 746 1940 de
781 1900 934 1960 parte
968 1910 1085 1940 mea
1119 1889 1237 1960 ipso
1266 1889 1451 1940 debito
1486 1890 1736 1960 superius
1776 1890 1951 1940 nomi-

107 1989 234 2029 nato
270 1998 446 2048 neque
482 1978 536 2028 in
578 1978 694 2048 ipsa
730 1977 979 2028 cautione
1014 1998 1113 2028 nec
1148 1998 1245 2048 per
1280 1978 1394 2048 ipsa
1431 1978 1681 2028 cautione
1724 1998 1823 2029 nec
1857 1999 1955 2049 per

106 2066 270 2117 nullis
298 2066 472 2116 modis
506 2066 880 2136 nullumquam
914 2076 1159 2136 tempore
1185 2066 1286 2116 tibi
1320 2086 1385 2116 ex
1417 2067 1520 2116 1100
1547 2066 1722 2117 nullas
1751 2066 1954 2117 calum-

106 2154 222 2206 nias
263 2174 362 2205 nee
402 2154 780 2225 repediciones
814 2174 973 2226 agere
1030 2174 1130 2204 nec
1179 2165 1427 2224 repetere
1462 2174 1571 2204 non
1623 2154 1950 2217 debea1nus3

108 2242 255 2313 quod
294 2242 338 2292 si
379 2241 886 2312 ademptaverimus,
940 2241 1041 2292 ista
1074 2252 1183 2292 tota
1228 2253 1475 2293 servante
1518 2263 1624 2293 una
1660 2263 1779 2293 cum
1816 2242 1955 2292 sotio

107 2330 237 2382 fiseo
279 2330 394 2381 auri
422 2330 599 2381 untias
641 2340 818 2380 tantas
862 2350 979 2380 esse
1021 2330 1320 2390 multando,
1368 2340 1420 2380 et
1460 2350 1687 2401 presens
1731 2350 1956 2381 evacua-

106 2418 248 2470 turia
283 2418 429 2469 omni
454 2429 698 2489 tempore
726 2417 878 2469 firma
909 2429 1244 2489 permaneat,
1285 2418 1655 2489 stipulatione.

112 2682 177 2729 ΝΟ
202 2686 297 2732 34.
338 2682 851 2747 Asfrancliissement
876 2681 1080 2748 d’apres
1110 2682 1155 2730 Ia
1186 2681 1254 2729 Ioi
1278 2680 1507 2730 romeliae
1534 2681 1786 2747 modi-sie'e.
1831 2681 1958 2730 Role

670 2761 736 2809 clu
764 2760 954 2811 diacre.
990 2761 1392 2811 Charte-notice.

422 2916 495 2981 (Z.
524 2917 570 2982 3)
601 2916 741 2965 Cart.
772 2917 1008 2965 Senonie.
1038 2916 1312 2982 Appendix
1341 2916 1422 2982 (R.
1457 2916 1517 2966 G.
1545 2917 1647 2981 63),

190 3114 296 3123 .....
339 3071 637 3122 seeundum
680 3071 800 3145 lege
846 3074 1085 3125 Romana
1129 3072 1440 3124 nullatenus
1482 3081 1784 3123 revocetur.
1842 3072 1956 3124 Sub

172 3258 214 3308 a)
240 3254 335 3296 Lis.
363 3269 503 3296 vacua
532 3261 590 3296 et.

176 3338 216 3378 1.
252 3337 326 3377 Αιι
353 3342 501 3377 terme.
