2259 3692
946 128 1204 179 -53-

149 358 215 404 Ν0
237 361 334 406 44.
376 355 730 406 Delimitati-on
771 357 832 406 (Ie
873 356 1131 406 terriloire
1173 364 1314 406 entre
1350 357 1438 406 cles
1482 380 1503 403 «
1527 378 1761 427 paysans
1792 382 1813 405 »
1857 367 1904 409 et
1947 359 1991 409 Ie

211 437 324 503 fise.
370 437 626 504 Enquete.
677 437 926 487 Coutume
968 444 1015 486 et
1067 437 1306 486 me'moire
1355 438 1623 490 d'homme.
1676 472 1738 477 —
1785 441 1991 491 Notice-

211 515 453 582 for-mule.
488 517 606 582 (An.
637 520 748 579 871,
783 520 842 566 19
867 520 1042 584 mars).

304 750 375 814 (Z.
410 749 618 798 Collect.
651 748 815 814 Sanq.
852 749 948 812 10).
986 747 1157 795 Form.
1188 747 1454 796 Alemann.
1495 748 1574 813 (B.
1610 748 1669 797 G.
1698 749 1833 815 402).

183 935 385 988 Notitia
419 934 698 985 divisionis
733 935 1139 1004 possessionum
1173 933 1435 1005 regalium
1469 934 1551 985 vel
1585 934 1947 1006 popularium,

549 1021 941 1093 episcopalium
966 1021 1048 1071 vel
1084 1021 1566 1072 monasterialium.
1628 1047 1630 1049 >

219 1143 417 1193 Notum
453 1141 521 1191 sit
554 1140 823 1199 omnibus,
854 1150 961 1190 tam
996 1139 1375 1210 praesentibus
1404 1160 1561 1210 quam
1597 1139 1811 1201 futuris,
1843 1141 1988 1211 quod

146 1240 370 1300 propter
433 1228 870 1278 diuturnissimas
928 1227 1050 1278 lites
1117 1227 1490 1298 reprimendas
1555 1238 1608 1278 et
1668 1239 1987 1299 perpetuam

145 1337 332 1387 pacem
380 1315 801 1367 conservandam
856 1315 1026 1366 sactus
1082 1326 1162 1365 cst
1219 1326 1514 1366 conventus
1571 1316 1880 1386 principum
1935 1327 1988 1367 et

144 1404 443 1475 vulgarium
486 1404 539 1453 in
585 1404 678 1453 illo
724 1414 776 1453 et
816 1404 869 1453 in
917 1404 1008 1453 illo
1050 1403 1188 1463 loco,
1236 1403 1301 1453 ad
1337 1403 1680 1454 dividendam
1715 1405 1986 1455 marcham

145 1492 286 1541 inter
320 1491 507 1541 fiscum
540 1491 685 1562 regis
720 1502 772 1541 ct
805 1491 1096 1561 populares
1122 1491 1496 1561 possessiones
1524 1491 1577 1541 in
1606 1491 1698 1541 illo
1725 1502 1777 1542 et
1803 1491 1857 1541 in
1892 1491 1985 1542 illo

144 1599 302 1651 pago.
348 1581 414 1629 Et
445 1579 752 1629 habuerunt
785 1579 943 1648 primi
990 1578 1054 1628 (le
1090 1589 1318 1648 utraque
1358 1589 1530 1648 parte,
1574 1590 1626 1629 et
1659 1579 1803 1651 regis
1843 1579 1985 1630 vide-

142 1667 269 1717 licet
303 1667 451 1716 missi
486 1677 538 1717 et
580 1666 822 1716 seniores
858 1666 971 1716 cius
1007 1667 1146 1716 servi
1169 1664 1198 1726 ¹,
1242 1677 1294 1716 et
1327 1666 1626 1716 nobiliores
1662 1667 1776 1717 eius
1817 1687 1984 1737 popu-

142 1755 333 1805 larium
357 1765 409 1804 et
436 1765 562 1804 natu
589 1754 984 1824 provectiores3
1017 1765 1069 1804 et
1096 1754 1393 1804 seeundum
1420 1754 1814 1815 iusiurandum,
1840 1754 1985 1825 quod

142 1843 357 1913 utrique
392 1853 547 1893 antea
591 1842 645 1892 in
690 1842 936 1912 reliquiis
988 1853 1297 1893 sanctorum
1337 1842 1742 1903 commiserunt,
1781 1842 1984 1893 diutur-

141 1930 361 1981 nissima
395 1931 721 1980 retractione
764 1941 816 1980 et
856 1930 1283 1980 ventilatissimis
1318 1930 1444 1980 hine
1477 1941 1530 1980 et
1571 1930 1696 1980 inde
1734 1931 1984 1981 sermoci-

141 2018 452 2069 nationibus
486 2018 631 2069 iuxta
671 2018 984 2069 memoriam
1025 2029 1077 2068 et
1121 2029 1402 2088 paternam
1447 2018 1784 2079 relationem,
1823 2029 1985 2089 prout

141 2106 432 2156 iustissime
482 2116 753 2176 poterant,
799 2106 1238 2157 deliberaverunt
1283 2116 1340 2156 ut
1389 2105 1734 2157 immunitas2
1766 2107 1910 2179 regis
1957 2127 1984 2158 a

139 2193 263 2244 villa
291 2194 357 2244 ad
388 2194 587 2254 villam,
620 2214 647 2244 a
671 2194 788 2244 vico
816 2194 882 2244 ad
913 2194 1108 2254 vicum,
1140 2214 1166 2244 a
1194 2204 1375 2244 monte
1410 2193 1476 2244 ad
1502 2204 1758 2255 montem,
1791 2214 1819 2245 a
1846 2195 1982 2245 colle

142 2281 207 2331 ad
235 2281 448 2341 collem,
481 2302 506 2331 a
534 2281 752 2332 flumine
787 2281 853 2332 ad
886 2281 1085 2332 flumen
1119 2284 1183 2333 N.
1217 2282 1429 2353 singula
1462 2302 1559 2352 per
1586 2302 1641 2332 se
1670 2282 1785 2333 sine
1820 2283 1981 2334 ullius

141 2369 519 2419 communione
547 2389 664 2419 esse
700 2369 942 2429 deberet,
974 2369 1079 2419 nisi
1106 2369 1243 2419 forte
1278 2369 1525 2439 precario
1565 2369 1789 2420 cuilibet
1827 2370 1902 2421 ibi
1929 2381 1982 2421 et

141 2457 396 2507 servitute
417 2463 438 2484 α’
475 2477 574 2527 pro
623 2457 815 2507 merito
872 2477 999 2507 usus
1050 2457 1356 2507 necessaria
1411 2457 1874 2521 eoncederentur3
1935 2459 1979 2509 si

139 2555 316 2595 autem
344 2545 463 2614 quis
500 2545 614 2594 sine
641 2545 1000 2615 permissione.
1028 2544 1287 2615 praefecti
1322 2545 1404 2595 vel
1437 2546 1807 2615 procuratoris
1834 2546 1978 2618 regis

138 2643 227 2683 aut
263 2633 603 2683 venationem
646 2633 719 2682 ibi
761 2653 1013 2683 exercere
1046 2633 1128 2683 vel
1164 2633 1310 2704 ligna
1344 2643 1433 2683 aut
1466 2633 1742 2684 materiem
1785 2633 1977 2685 cedere

139 2720 415 2771 convictus
457 2720 637 2781 suerit,
676 2721 822 2772 iuxta
864 2721 1142 2772 decretum
1189 2732 1498 2772 senatorum
1539 2722 1808 2792 provintie
1855 2742 1977 2773 con-

138 2819 320 2879 ponat.
363 2810 428 2859 Et
462 2808 602 2859 idem
641 2809 907 2880 sequestri
942 2810 1342 2861 constituerunt
1376 2810 1520 2861 iuxta
1553 2809 1701 2881 leges
1735 2810 1977 2881 priorum

199 3044 237 3096 a)
270 3044 401 3083 Te-rle
441 3042 598 3086 altere.
623 3048 671 3086 ιΙε
711 3062 761 3087 ne
787 3047 887 3088 sais
921 3046 1026 3104 quel
1051 3054 1140 3089 mot
1169 3045 1262 3088 lire.

201 3162 241 3202 1.
276 3160 376 3202 Non
403 3176 492 3219 pas
518 3164 632 3217 εει-ᾗς
659 3177 720 3204 aa
747 3178 849 3204 sens
872 3179 1053 3222 propre,
1082 3164 1200 3206 mais
1222 3166 1364 3222 szcjets
1388 3163 1565 3220 fideles.

199 3228 238 3267 2.
274 3228 338 3267 Ne
363 3227 546 3283 sigm'fie
570 3244 674 3286 pas,
706 3229 779 3277 ici,
815 3245 829 3266 α
861 3229 1097 3272 immanite
1126 3248 1141 3270 ι)
1171 3246 1233 3272 (ιιι
1265 3246 1367 3272 sens
1401 3230 1652 3288 leclmique,
1699 3230 1818 3271 mais
1845 3230 1976 3271 terri-

140 3292 250 3332 taire
275 3293 561 3350 particulc'er,
583 3294 779 3352 possc'de'
803 3311 853 3335 en
867 3311 1033 3353 propre
1059 3304 1099 3337 et
1124 3311 1209 3338 non
1226 3297 1400 3340 soumis
1424 3312 1522 3339 aaa:
1542 3311 1706 3355 usagcs
1723 3311 1971 3338 comnenus.

148 3358 246 3415 ΥΟ).
286 3360 321 3399 T
320 3358 516 3409 lee'veuc'n,
551 3378 565 3400 α
600 3364 680 3403 Les
712 3362 978 3405 Communia
1008 3378 1044 3412 »‚
1077 3363 1153 3405 cic.
