2259 3692
939 141 1131 187 -175
1176 168 1230 174 -—

167 270 315 339 ginta
349 268 555 327 solidis,
610 278 666 317 nt
712 277 932 317 teneant
983 267 1151 335 ipsam
1204 275 1399 314 terram
1450 274 1501 313 ct
1550 263 1762 313 francos
1814 262 2004 312 diebus

169 357 303 406 vitae
331 376 497 415 meae,
537 366 588 405 et
622 365 744 425 post
777 374 950 404 meum
979 353 1275 403 discessum
1311 351 1557 401 simililer
1591 361 1810 401 teneant
1838 370 2006 419 nsque

168 445 221 493 in
272 443 412 493 diem
462 443 764 493 solutionis.
831 443 885 493 S.
944 440 1210 494 Ascherii,
1274 440 1363 509 qui
1422 439 1535 489 {ieri
1583 439 1760 507 jussit.
1821 440 2008 512 Testes

169 534 478 587 1⁷)nrannUS,
518 531 726 587 Arualt,
758 532 935 580 Doun.

173 810 237 856 ΝΟ
267 813 398 859 121.
440 807 621 855 Nolice
665 805 928 854 lombarde
969 805 1029 854 (Ie
1072 805 1217 871 prise
1257 803 1318 852 (Ie
1360 802 1669 868 possession.
1726 801 1843 849 (An.
1894 804 2006 852 911,

979 889 1034 933 lo
1058 892 1207 951 sept.)

586 1057 790 1115 Kohler,
823 1057 981 1104 Beitr.
1013 1055 1133 1103 Hest
1162 1059 1205 1114 2,
1239 1062 1291 1101 11⁰
1320 1054 1406 1111 VI,
1439 1071 1488 1118 p.
1524 1056 1597 1099 143.

250 1236 307 1285 In
351 1234 566 1284 nominc
605 1233 807 1284 domini
849 1233 1020 1283 nostri
1053 1233 1216 1283 Jhesn
1246 1231 1466 1282 Christi.
1500 1230 1766 1283 Noticiam
1801 1230 2016 1298 brevem

179 1322 578 1373 recordacionis
626 1324 748 1392 {pro
784 1321 978 1371 suturis
1018 1320 1381 1391 temporibus}
1428 1319 1492 1370 ad
1535 1318 1846 1369 memoriam
1888 1318 2018 1368 reti-

179 1410 426 1461 nendam.
461 1411 519 1460 In
556 1429 785 1480 quorum
812 1410 1077 1459 bonorum
1111 1409 1390 1458 hominum
1417 1407 1690 1479 presentia
1716 1406 2014 1477 qualiter...

179 1499 264 1549 hic
293 1499 478 1549 subter
512 1497 784 1569 leguntur,
816 1497 871 1547 id
897 1507 978 1547 est
1004 1496 1057 1546 in
1084 1497 1366 1567 presencia
1395 1496 1648 1568 Gregorii
1674 1495 1814 1546 filius
1843 1493 2021 1546 Juvari

207 1628 239 1637 ..
272 1597 324 1636 et
351 1585 638 1650 Gunt[ardi
667 1585 843 1655 qui]...
877 1595 1063 1635 nuatto
1106 1596 1325 1636 vocatur
1365 1584 1506 1635 filius
1542 1583 1813 1655 quondam
1842 1584 2021 1634 Erme-

178 1674 309 1726 nulfl
356 1674 421 1725 de
467 1674 586 1724 loco
635 1675 802 1743 Majas
851 1683 903 1723 et
950 1672 1298 1743 (Teudiberti
1346 1672 1470 1742 filii)
1518 1672 1789 1743 quondam
1800 1714 1905 1723 .....
1957 1672 2022 1722 de

184 1763 454 1815 Suzannio
490 1773 541 1812 et
575 1761 904 1832 Gisemperti
931 1760 1071 1812 filius
1099 1761 1299 1813 Ursoni
1336 1761 1527 1815 decani
1564 1761 1629 1812 de
1657 1760 2023 1813 Columniolas

183 1862 233 1901 et
276 1850 565 1901 Audiberti
607 1850 816 1900 filius...
862 1850 1059 1900 tettoni
1102 1849 1167 1900 de
1209 1850 1591 1921 Florcnciagas
1627 1860 1679 1900 et
1714 1849 2025 1900 Leodiberti

184 1939 442 1989 diaconus
485 1938 626 1988 filius
662 1937 935 2010 quondam
977 1937 1269 1988 Adrcberti
1313 1938 1378 1988 de
1420 1940 1690 1990 Noventas
1730 1948 1782 1988 et
1807 1937 2022 1988 Rodulfi

185 2026 370 2076 clerici
398 2037 558 2097 atque
592 2026 786 2076 notarii
818 2036 870 2076 ct
896 2025 1012 2076 aliis
1039 2026 1242 2097 plures.

260 2115 319 2164 [n
347 2114 573 2165 istorum
602 2114 1093 2185 suprascriptorum
1122 2115 1389 2165 bonorum
1416 2115 1694 2165 hominum
1721 2115 2021 2185 presencia,

187 2222 418 2273 qnorum
463 2202 682 2253 nomina
729 2203 978 2273 superius
1024 2203 1252 2273 scriptas
1303 2223 1419 2253 esse
1460 2203 1742 2264 videntur,
1797 2203 2027 2273 qualiter

188 2291 461 2341 revestivit
488 2311 542 2340 se
565 2289 573 2313 ¹
609 2291 881 2341 Johannes
908 2292 1195 2362 presbyter
1222 2302 1273 2341 et
1300 2291 1610 2362 prepositus
1638 2302 1797 2361 atque
1825 2291 2027 2342 electus

189 2379 353 2429 abbas
398 2378 711 2429 monasterii
761 2379 929 2428 sancti
977 2380 1208 2429 Zenonis
1256 2379 1346 2450 qui
1396 2390 1476 2430 est
1524 2379 1657 2429 situs
1703 2379 1832 2429 foris
1874 2390 2029 2449 porta

191 2466 420 2517 civitatis
469 2466 825 2527 Veronensis,
886 2467 978 2516 ubi
1037 2477 1277 2517 sanctum
1338 2487 1533 2538 corpus
1591 2467 1704 2517 eius
1754 2468 2028 2518 humatum

192 2555 422 2625 quiescit
457 2555 509 2604 in
546 2574 703 2625 pace,
753 2554 818 2604 de
853 2555 1103 2605 omnibus
1138 2556 1300 2606 rebus
1338 2555 1441 2605 illis
1468 2566 1575 2606 tam
1601 2556 1761 2606 terris
1789 2555 2031 2606 casalivis

192 2654 242 2692 et
275 2643 435 2693 terris
475 2662 595 2693 cum
632 2642 802 2693 vincis
849 2663 1009 2713 supra
1049 2664 1103 2693 se
1145 2644 1268 2694 abet
1311 2654 1362 2694 ct
1402 2644 1562 2694 terris
1605 2643 1851 2694 aratoriis
1901 2643 2032 2693 iuris

192 2731 543 2801 suprascripti
574 2731 881 2780 monasterii
913 2732 1081 2782 sancti
1121 2732 1352 2782 'Lenonis
1388 2753 1491 2803 que
1518 2732 1709 2802 positis
1744 2742 1868 2782 sunt
1903 2732 2033 2801 ipsis

256 3035 294 3073 «1.
333 3034 397 3072 La
423 3032 647 3074 revestitio
675 3039 753 3084 est,
778 3048 827 3073 en
849 3031 971 3074 droit
999 3031 1227 3088 lonzbarcl,
1260 3031 1306 3073 la
1330 3032 1454 3090 prise
1481 3030 1534 3073 de
1559 3031 1838 3089 possession,
1870 3046 1947 3088 qni
1972 3039 2036 3072 est

197 3098 327 3154 l'esl'et
354 3097 476 3138 dela
505 3097 783 3139 translation
812 3097 865 3139 (le
905 3098 1136 3156 proprie'te'
1165 3115 1180 3138 <t
1203 3114 1284 3156 per
1311 3097 1538 3139 cco-iulam
1576 3115 1611 3137 n.
1641 3114 1656 3136 «
1689 3100 1755 3138 En
1780 3097 1964 3152 faisant
1989 3097 2035 3139 la

197 3162 421 3205 (raclilc'on
450 3162 502 3203 de
523 3162 567 3204 la
592 3164 781 3211 cartula,
811 3163 1051 3205 l'alidnant
1069 3164 1307 3218 tnatiz'seste
1330 3163 1698 3205 znace'rzellmmuc
1726 3162 1841 3221 qu'il
1854 3171 2035 3204 consent

196 3231 223 3271 ἀ
252 3228 298 3270 la
323 3230 446 3288 prise
472 3228 526 3270 de
553 3230 817 3287 possession
851 3244 940 3288 pat·
967 3229 1263 3287 Fae-quererer,
1299 3246 1347 3270 en
1383 3237 1502 3271 sorte
1540 3244 1624 3287 qne
1666 3236 1773 3270 cette
1815 3230 2035 3283 neanifhs-

198 3296 343 3336 tation
368 3294 421 3336 de
447 3310 501 3337 sa
529 3295 702 3337 volout&
727 3296 867 3337 salvia
898 3294 951 3336 cle
979 3294 1024 3337 la
1050 3296 1173 3354 prise
1201 3295 1254 3337 (le
1288 3297 1552 3354 possession
1580 3310 1670 3353 par
1696 3295 1981 3352 l’acque'rem·
2007 3310 2034 3336 α

198 3360 234 3401 le
257 3364 486 3402 caractere
514 3360 567 3401 cle
595 3360 817 3402 tradition
851 3378 865 3400 i)
897 3362 969 3415 (V.
1000 3360 1181 3418 Kolilet·7
1212 3361 1292 3418 ib„
1322 3377 1369 3419 p.
1401 3364 1468 3416 17,
1496 3377 1539 3402 n.
1566 3364 1622 3415 3).
