2259 3692
1039 213 1330 263 -340—

260 515 278 533 *
301 513 367 560 ΝΟ
397 519 531 565 174.
575 533 597 558 «
626 512 804 562 Livret
831 534 854 558 »
882 512 944 561 cle
969 511 1054 561 (lot
1081 513 1357 562 οοηείίΐιιρθ
1386 531 1491 580 par
1519 533 1585 563 un
1613 517 1740 582 pe're
1777 520 1805 566 a
1834 518 1880 568 la
1912 520 2108 586 fiance'e

1027 593 1089 644 cle
1113 612 1201 643 son
1230 595 1334 661 fils.

667 763 739 829 (Z.
775 765 849 830 15)
880 763 1042 813 Marc.
1073 765 1246 813 Form.
1278 766 1321 813 II
1354 766 1434 830 (R.
1470 766 1529 815 G.
1560 769 1693 832 223).

329 933 489 999 Quod
537 933 759 996 bonum,
809 934 1061 998 faustum,
1114 936 1239 987 filex
1287 957 1676 1009 prosperumve
1727 939 1971 990 eveniat!
2021 943 2101 992 De

255 1021 638 1093 disponsandis
702 1023 1130 1094 maritandisque
1201 1024 1486 1077 ordinibus
1556 1026 1655 1077 hac
1721 1029 2100 1098 procreatione

252 1110 552 1161 liberorum
595 1111 769 1162 causis
815 1131 951 1182 quae
994 1111 1148 1173 fiunt,
1195 1133 1418 1164 necesse
1461 1124 1560 1175 est,
1612 1125 1670 1165 ut
1711 1134 1896 1166 omnes
1939 1117 2097 1168 etiam

251 1198 471 1249 donatio
500 1218 597 1270 per
633 1199 1027 1250 scribturarum
1056 1200 1250 1251 seriem
1284 1201 1587 1272 pleniorem
1622 1203 1905 1254 obteniant
1931 1204 2097 1256 firmi-

248 1285 466 1338 tatem¹.
513 1289 694 1339 Donat
735 1287 900 1360 igitur
943 1288 1022 1339 illi
1062 1289 1291 1340 honeste
1332 1290 1542 1361 puelle,
1593 1289 1788 1342 norae2
1830 1311 1955 1343 suae
1997 1292 2092 1354 lei,

249 1394 446 1445 sponsa
472 1374 582 1427 filio
617 1396 714 1427 suo
742 1376 855 1438 illo,
895 1387 1018 1428 ante
1053 1377 1139 1428 die
1174 1378 1485 1449 nuptiarum
1520 1379 1882 1451 donantisque
1919 1381 2096 1432 animo

246 1463 539 1515 transferet
566 1475 758 1536 atquae
785 1466 1123 1527 transcribit,
1155 1466 1258 1517 hoc
1286 1477 1366 1518 est
1393 1467 1447 1518 in
1474 1466 1782 1518 tanodono3
1804 1468 1929 1519 villa
1955 1488 2095 1519 nun-

247 1563 479 1623 cupante
507 1553 616 1615 illa,
649 1554 803 1605 sitam
831 1554 926 1615 ibi,
960 1574 1080 1606 cum
1109 1554 1268 1606 domo
1297 1556 1621 1629 condignam
1649 1556 1715 1607 ad
1741 1557 2093 1608 habitandum

244 1641 326 1692 vel
354 1641 500 1692 omni
527 1642 840 1715 integritate
868 1643 1071 1694 ibidem
1099 1644 1473 1715 aspicientem,
1507 1645 1756 1696 similiter
1784 1655 1836 1696 et
1867 1645 1923 1696 in
1952 1645 2092 1696 dotis

242 1729 460 1781 titulum
510 1730 637 1782 alias
684 1731 837 1783 villas
888 1743 1265 1804 nuncupantes
1316 1733 1454 1795 illas,
1507 1734 1634 1784 sitas
1684 1734 1778 1794 ibi,
1825 1733 2088 1804 mancipia

242 1828 391 1870 tanta
422 1819 545 1870 illos
578 1830 631 1871 et
664 1812 802 1882 illas,
843 1821 984 1872 inter
1019 1842 1207 1873 aurum
1242 1832 1294 1873 et
1329 1832 1614 1895 argentum
1649 1832 1701 1873 et
1735 1822 2089 1873 fabricaturas

242 1907 296 1957 in
347 1907 562 1959 soledos
607 1918 814 1970 tantos,
862 1910 1097 1961 caballos
1138 1920 1344 1972 tantos,
1401 1911 1563 1962 boves
1608 1921 1814 1972 tantos,
1867 1930 2088 1983 gregem

242 2015 525 2066 equorum,
564 2016 786 2069 gregem
821 2009 1214 2060 armentorum,
1252 2020 1474 2071 gregem
1507 2020 1825 2070 porcorum,
1865 2019 2087 2071 gregem

241 2084 445 2145 ovium,
493 2085 564 2135 ita
612 2095 670 2135 ut
712 2086 843 2136 haec
894 2087 1072 2138 omnia
1112 2107 1209 2157 per
1259 2107 1417 2138 manu
1469 2108 1562 2138 sua
1608 2087 1674 2138 ad
1719 2087 2086 2158 suprascribta

239 2172 438 2242 puella,
470 2193 605 2223 noro
640 2194 734 2224 sua
769 2174 878 2235 illa,
918 2185 1040 2226 ante
1076 2174 1162 2225 die
1197 2175 1508 2246 nuptiarum
1544 2175 1725 2225 dibeat
1759 2175 2080 2245 pervenire3

239 2261 371 2311 etin
401 2281 494 2312 sua
529 2261 898 2314 dominatione
934 2283 1206 2324 revocare,
1245 2263 1327 2314 vel
1363 2263 1625 2334 quicquid
1660 2262 1885 2314 exindae
1921 2262 2083 2313 facire

238 2348 490 2421 elegerit,
538 2349 763 2401 liberam
815 2351 1011 2402 habeat
1056 2361 1398 2422 potestatem.
1448 2351 1607 2416 Quod
1648 2351 1691 2402 si
1734 2351 1854 2422 quis
1897 2361 2081 2401 contra

237 2437 382 2488 hunc
417 2437 663 2489 libellum
698 2438 840 2490 dotis
874 2440 1058 2491 venire
1095 2451 1147 2491 et
1181 2460 1296 2491 cam
1331 2439 1632 2512 infrangire
1668 2440 1960 2499 conaverit,
1999 2439 2082 2489 in—

236 2524 372 2576 ferat
404 2526 651 2596 partibus
677 2527 917 2598 prefatae
952 2528 1023 2580 lei
1055 2539 1263 2580 tantum
1291 2541 1341 2580 et
1367 2529 1589 2600 reliqua.

293 2856 333 2895 1.
374 2856 426 2895 Ce
454 2853 594 2896 de'hut
634 2871 679 2896 se
717 2863 937 2914 rapporte
974 2858 1001 2898 (ὶ
1041 2856 1087 2898 la
1121 2860 1215 2898 Leoe
1249 2857 1377 2899 „Iulia
1415 2865 1454 2899 et
1490 2858 1644 2915 Papia
1687 2860 1926 2915 Poppaea,
1957 2858 2076 2898 mais

234 2918 558 2978 l’application
587 2936 636 2961 en
672 2928 738 2962 est
763 2921 1057 2976 malach-oue,
1100 2937 1193 2979 voy.
1234 2926 1407 2977 Zeum.‚
1435 2939 1483 2982 p.
1513 2926 1582 2972 85,
1613 2930 1714 2964 note
1753 2926 1807 2977 1,·
1843 2921 1878 2964 il
1901 2938 1946 2964 se
1972 2939 2074 2964 ren-

232 2992 385 3027 contre
424 2985 544 3028 dans
573 2986 790 3045 quelques
830 2987 1051 3042 formales
1089 2996 1129 3030 et
1157 2990 1203 3045 je
1243 2988 1288 3030 la
1325 2997 1524 3031 retrozwe
1562 3004 1717 3031 encore
1740 3004 1802 3030 αιι
1841 2991 1904 3030 Xe
1940 2989 2074 3031 siecle

227 3066 320 3109 pat·
360 3066 431 3093 ex.
461 3051 581 3093 dans
611 3068 693 3094 une
735 3053 889 3094 charte
917 3053 970 3095 de
1009 3053 1089 3096 dot
1115 3054 1503 3112 bourguignonne,
1536 3056 1783 3097 constitue'e
1820 3055 2075 3114 cependant

231 3118 258 3157 ίι
314 3132 397 3158 une
439 3120 597 3172 femme
637 3120 811 3174 fiance'e
868 3118 1054 3178 &apres
1100 3119 1145 3161 la
1197 3138 1211 3159 ι(
1243 3120 1306 3163 [οἱ
1347 3121 1529 3180 salique
1561 3140 1596 3162 υ.
1650 3121 1859 3177 (Chartes
1913 3121 2067 3178 Cluny,

229 3192 279 3223 110
302 3184 370 3240 86,
402 3198 444 3225 a.
477 3185 560 3226 904
586 3185 806 3241 environ.)

290 3251 329 3290 2.
366 3251 405 3290 A
435 3248 497 3290 les
524 3249 647 3292 deux
667 3266 770 3292 sens
798 3249 852 3292 de
883 3267 899 3291 «
927 3252 1101 3307 fiancee
1134 3271 1149 3293 x>
1179 3252 1298 3294 etde
1337 3270 1350 3292 α
1380 3257 1539 3309 femme
1571 3274 1584 3295 ι
1623 3254 1687 3296 du
1721 3253 1815 3311 fils,
1857 3253 1911 3296 de
1936 3254 2071 3295 me'me

229 3330 329 3371 que,
360 3323 545 3357 sozwenc'
568 3331 743 3374 sponsa
785 3317 981 3373 sc'gnisie,
1011 3319 1038 3359 (ὶ
1067 3317 1112 3360 la
1137 3320 1244 3373 fois,
1277 3336 1293 3360 «
1320 3322 1493 3376 fiance'e
1524 3338 1539 3360 »
1569 3328 1610 3362 et
1638 3337 1654 3360 ε
1686 3322 1850 3379 e'pouse
1881 3338 1917 3360 n.
1942 3322 2070 3360 Dans

229 3379 267 3421 le
293 3382 447 3429 «δῖ-0.,
479 3396 633 3423 encore
661 3381 978 3438 aujourd'lzuc',
1010 3383 1093 3425 bru
1118 3400 1164 3426 se
1191 3384 1261 3427 clc'c
1289 3402 1304 3423 «
1332 3391 1444 3428 1ιονῶ
1471 3404 1506 3427 ι).

287 3447 327 3488 3.
364 3450 454 3488 Sur
476 3462 521 3488 ce
548 3454 653 3503 mot,
686 3446 1006 3505 dontj’iguore
1032 3449 1252 3507 l'origz'ne,
1284 3466 1375 3508 roy.
1402 3467 1448 3509 l)-
1477 3454 1546 3508 29,
1576 3459 1676 3494 note
1704 3455 1741 3493 1.
