2259 3692
923 171 1217 221 -124—

151 471 217 519 N⁰
243 475 336 522 90.
383 469 575 520 Charle
601 469 662 519 cle
688 468 930 519 donation
957 472 985 519 a
1015 487 1078 518 un
1108 469 1410 518 ntonaste're.
1443 469 1562 535 (An.
1586 472 1696 531 858,
1732 474 1797 517 ler
1820 470 1991 536 avril.)

718 639 858 688 Cart.
889 638 1086 698 Redon,
1117 645 1171 684 n⁰
1199 637 1431 685 CXXVI.

228 813 371 862 Hacc-
407 821 552 861 carta
586 810 792 862 indicat
819 821 871 861 ct
898 820 1181 862 conservat
1218 808 1449 880 qualiter
1483 808 1630 858 venit
1667 808 1992 869 Hoiarscoit,

149 900 408 972 princeps
458 897 664 970 plebis¹
706 898 933 960 Auizac,
984 899 1038 949 in
1089 900 1303 950 Rotono
1351 897 1705 958 monasterio,
1757 908 1809 948 et
1847 897 1998 949 dedit

152 990 352 1041 Sancto
404 987 671 1039 Salvatori
721 998 773 1037 ct
823 987 1184 1038 Conuuoiono
1235 986 1417 1037 abbati
1466 996 1518 1036 ct
1567 985 1675 1036 suis
1718 986 1996 1037 monachis
2068 1017 2073 1021 >

148 1077 329 1128 villam
375 1096 511 1147 quae
553 1086 775 1126 vocatur
820 1075 1098 1135 Ursuualt,
1140 1094 1258 1124 cum
1304 1074 1554 1124 omnibus
1590 1074 1644 1124 in
1688 1095 1748 1125 ea
1783 1094 1996 1125 manen-

149 1165 315 1225 tibus,
336 1164 420 1215 his
444 1164 757 1214 nominibus
780 1184 788 1213 :
822 1163 1004 1223 Omni,
1036 1162 1459 1223 Uuorcthoiarn‚
1484 1162 1854 1223 Anaulcchan,
1877 1183 1997 1213 cum

151 1253 316 1312 silvis,
354 1252 543 1323 pratiS,
582 1251 818 1322 pascuis,
852 1251 1012 1301 cultis
1042 1261 1202 1321 atquc
1229 1250 1469 1310 incultiS‚
1503 1251 1997 1320 aquisaquarumvc

151 1340 491 1401 decursibus,
531 1350 583 1390 et
618 1360 738 1390 cum
773 1339 1024 1389 omnibus
1061 1338 1363 1409 apendiciis
1401 1338 1538 1398 suis,
1576 1338 1632 1388 in
1668 1358 1762 1389 sua
1796 1338 1998 1388 clemo-

150 1430 266 1480 sina
306 1449 406 1500 pro
446 1428 823 1499 redemptione
867 1427 1041 1478 anime
1077 1447 1203 1478 suae
1232 1437 1284 1477 et
1321 1446 1420 1497 pro
1463 1426 1639 1477 anima
1681 1426 1910 1497 Erispoe
1947 1437 1999 1478 et

149 1538 248 1589 pro
283 1516 459 1567 anima
497 1516 772 1577 Salomon,
817 1516 870 1566 in
915 1514 1227 1566 monachia²
1274 1515 1624 1586 sempiterna,
1664 1515 1780 1565 sine
1809 1535 1994 1576 censu,

151 1606 266 1656 sine
300 1605 508 1656 tributo
543 1616 595 1655 et
630 1605 745 1655 sine
783 1615 941 1675 pastu
977 1604 1173 1655 caballi
1211 1604 1294 1654 vel
1335 1624 1546 1664 canum,
1587 1614 1639 1653 et
1673 1603 1788 1654 sine.
1818 1603 1998 1674 aliquo

151 1696 352 1765 majore
400 1694 484 1744 vel
528 1693 739 1765 judice,
798 1704 856 1743 ut
907 1692 1171 1764 quicquid
1226 1692 1420 1743 exinde
1479 1691 1655 1742 facere
1703 1691 1993 1751 voluerint,

152 1783 378 1834 liberam
429 1802 487 1833 ac
541 1782 903 1833 firmissimam
954 1782 1008 1831 in
1059 1781 1310 1831 omnibus
1367 1781 1604 1831 habeant
1650 1790 1993 1850 potestatem.

152 1874 375 1924 Factum
403 1881 483 1921 est
514 1871 615 1921 hec
645 1870 865 1921 donatio
901 1870 954 1920 in
997 1872 1211 1922 Rotono
1245 1869 1594 1929 monasterio,
1641 1868 1695 1918 in
1739 1868 1999 1919 aecclesia

156 1959 342 2011 Sancti
372 1959 685 2021 SalvatoriS,
719 1959 805 2010 die
845 1961 1145 2011 Parasceue
1181 1957 1327 2029 quod
1365 1957 1458 2007 illo
1501 1975 1641 2007 anno
1670 1956 1849 2007 evenit
1875 1956 1994 2006 Kal.

154 2048 360 2118 aprilis,
393 2047 519 2098 luna
553 2049 678 2099 XIII
712 2048 888 2119 primo
925 2068 1065 2098 anno
1102 2047 1408 2098 dominatus
1439 2045 1744 2097 Salomonis
1775 2045 1826 2095 in
1863 2045 1999 2095 Brit-

152 2136 356 2197 tannia,
379 2137 763 2209 Coui‘antgeno
791 2137 1049 2207 episcopo
1077 2135 1132 2186 in
1155 2134 1416 2194 Venedia,
1449 2133 1630 2184 multis
1660 2132 1999 2183 adstantibus

155 2225 432 2276 nobilibus
460 2225 589 2276 viris
626 2235 786 2296 atquc
821 2225 960 2274 hanc
996 2224 1343 2274 donationem
1371 2222 1730 2282 firmantibus,
1771 2241 1999 2292 quorum

155 2313 256 2364 ista
302 2323 427 2363 sunt
470 2314 722 2364 nomina:
756 2313 1093 2372 Hoiarscoet,
1132 2312 1306 2371 testis,
1348 2311 1441 2381 qui
1473 2311 1612 2360 hanc
1652 2309 1999 2360 donationem

159 2401 309 2452 (ledit
343 2411 504 2472 atque
532 2401 649 2452 aliis
687 2401 901 2451 firmare
928 2401 1138 2472 rogavit
1166 2401 1249 2469 (⁴13
1280 2399 1462 2468 noms').

219 3195 255 3234 1.
300 3191 417 3246 Chef
432 3190 485 3232 cle
509 3207 524 3229 «
551 3189 662 3249 ρίου
697 3209 711 3231 »
743 3205 800 3232 οιι
842 3198 1078 3248 tyrannus,
1104 3197 1240 3247 tyern,
1272 3197 1527 3247 mactyer‘n5
1569 3189 1718 3246 plebs,
1747 3189 1870 3231 tribu
1894 3188 2002 3248 puis

160 3258 385 3300 territoire
412 3259 582 3315 occupe'
597 3272 690 3316 par
717 3256 813 3313 elle,
844 3260 961 3313 enfin
988 3257 1213 3315 paroisse.

219 3327 257 3365 2.
296 3323 534 3383 Proprc'e'te'
573 3322 798 3365 exclusive
833 3322 1146 3378 (souveraiue),
1189 3337 1301 3364 sans
1342 3323 1508 3364 re'serve
1535 3321 1589 3364 de
1627 3321 1775 3363 droc'ts
1812 3320 1860 3361 ni
1876 3320 2001 3377 juri-

162 3389 355 3432 diction.
