<?xml version="1.0" encoding="UTF-8"?>
<!DOCTYPE html PUBLIC "-//W3C//DTD XHTML 1.0 Transitional//EN"
    "http://www.w3.org/TR/xhtml1/DTD/xhtml1-transitional.dtd">
<html xmlns="http://www.w3.org/1999/xhtml" xml:lang="en" lang="en">
 <head>
  <title>
</title>
<meta http-equiv="Content-Type" content="text/html;charset=utf-8" />
  <meta name='ocr-system' content='tesseract 3.04.00' />
  <meta name='ocr-capabilities' content='ocr_page ocr_carea ocr_par ocr_line ocrx_word'/>
</head>
<body>
  <div class='ocr_page' id='page_1' title='image "./textesrelatifsau00thuoft_0129.png"; bbox 0 0 2259 3692; ppageno 0'>
   <div class='ocr_carea' id='block_1_1' title="bbox 1013 187 1303 237">
    <p class='ocr_par' dir='ltr' id='par_1_1' title="bbox 1013 187 1303 237">
     <span class='ocr_line' id='line_1_1' title="bbox 1013 187 1303 237; baseline -0.007 1"><span class='ocrx_word' id='word_1_1' title='bbox 1013 187 1303 237; x_wconf 88' lang='lat'>—115-</span> 
     </span>
    </p>
   </div>
   <div class='ocr_carea' id='block_1_2' title="bbox 241 468 2071 617">
    <p class='ocr_par' dir='ltr' id='par_1_2' title="bbox 241 468 2071 617">
     <span class='ocr_line' id='line_1_2' title="bbox 241 468 2071 539; baseline -0.003 -14"><span class='ocrx_word' id='word_1_2' title='bbox 241 479 306 525; x_wconf 85' lang='grc' dir='ltr'>ΝΟ</span> <span class='ocrx_word' id='word_1_3' title='bbox 333 481 426 527; x_wconf 90' lang='grc'>85.</span> <span class='ocrx_word' id='word_1_4' title='bbox 470 475 657 523; x_wconf 64' lang='lat' dir='ltr'>Preces</span> <span class='ocrx_word' id='word_1_5' title='bbox 693 493 757 523; x_wconf 79' lang='lat' dir='ltr'>au</span> <span class='ocrx_word' id='word_1_6' title='bbox 795 474 932 539; x_wconf 75' lang='lat' dir='ltr'>sujet</span> <span class='ocrx_word' id='word_1_7' title='bbox 968 471 1118 519; x_wconf 80' lang='lat' dir='ltr'>d’une</span> <span class='ocrx_word' id='word_1_8' title='bbox 1155 468 1396 517; x_wconf 49' lang='lat' dir='ltr'>here&#39;cliw.</span> <span class='ocrx_word' id='word_1_9' title='bbox 1426 469 1632 517; x_wconf 79' lang='lat' dir='ltr'>Accord</span> <span class='ocrx_word' id='word_1_10' title='bbox 1667 476 1714 518; x_wconf 79' lang='lat' dir='ltr'>et</span> <span class='ocrx_word' id='word_1_11' title='bbox 1741 470 2071 519; x_wconf 78' lang='lat' dir='ltr'>transaction.</span> 
     </span>
     <span class='ocr_line' id='line_1_3' title="bbox 955 550 1360 617; baseline -0.012 -17"><span class='ocrx_word' id='word_1_12' title='bbox 955 552 1073 617; x_wconf 80' lang='lat' dir='ltr'>(An.</span> <span class='ocrx_word' id='word_1_13' title='bbox 1105 550 1360 614; x_wconf 73' lang='lat'>828-840.)</span> 
     </span>
    </p>
   </div>
   <div class='ocr_carea' id='block_1_3' title="bbox 813 732 1500 793">
    <p class='ocr_par' dir='ltr' id='par_1_3' title="bbox 813 732 1500 793">
     <span class='ocr_line' id='line_1_4' title="bbox 813 732 1500 793; baseline -0.006 -9"><span class='ocrx_word' id='word_1_14' title='bbox 813 737 951 784; x_wconf 85' lang='lat' dir='ltr'>Cart.</span> <span class='ocrx_word' id='word_1_15' title='bbox 981 735 1041 783; x_wconf 85' lang='lat' dir='ltr'>de</span> <span class='ocrx_word' id='word_1_16' title='bbox 1068 734 1264 793; x_wconf 78' lang='lat' dir='ltr'>Redon,</span> <span class='ocrx_word' id='word_1_17' title='bbox 1297 732 1500 781; x_wconf 81' lang='lat' dir='ltr'>CXCII.</span> 
     </span>
    </p>
   </div>
   <div class='ocr_carea' id='block_1_4' title="bbox 242 885 2100 3156">
    <p class='ocr_par' dir='ltr' id='par_1_4' title="bbox 242 885 2100 3156">
     <span class='ocr_line' id='line_1_5' title="bbox 314 885 2079 960; baseline -0.004 -17"><span class='ocrx_word' id='word_1_18' title='bbox 314 892 525 945; x_wconf 86' lang='lat' dir='ltr'>Noticia</span> <span class='ocrx_word' id='word_1_19' title='bbox 560 891 658 941; x_wconf 87' lang='lat' dir='ltr'>sub</span> <span class='ocrx_word' id='word_1_20' title='bbox 690 909 919 960; x_wconf 88' lang='lat' dir='ltr'>quorum</span> <span class='ocrx_word' id='word_1_21' title='bbox 958 887 1233 959; x_wconf 81' lang='lat' dir='ltr'>presentia</span> <span class='ocrx_word' id='word_1_22' title='bbox 1275 886 1506 957; x_wconf 81' lang='lat' dir='ltr'>qualiter</span> <span class='ocrx_word' id='word_1_23' title='bbox 1538 886 1817 937; x_wconf 79' lang='lat' dir='ltr'>venientes</span> <span class='ocrx_word' id='word_1_24' title='bbox 1850 885 2079 937; x_wconf 88' lang='lat' dir='ltr'>Aelisrid</span> 
     </span>
     <span class='ocr_line' id='line_1_6' title="bbox 243 974 2077 1047; baseline -0.004 -16"><span class='ocrx_word' id='word_1_25' title='bbox 243 991 294 1031; x_wconf 90' lang='lat' dir='ltr'>et</span> <span class='ocrx_word' id='word_1_26' title='bbox 314 980 478 1030; x_wconf 86' lang='lat' dir='ltr'>srater</span> <span class='ocrx_word' id='word_1_27' title='bbox 499 998 626 1029; x_wconf 92' lang='lat' dir='ltr'>suus</span> <span class='ocrx_word' id='word_1_28' title='bbox 647 977 864 1037; x_wconf 84' lang='lat' dir='ltr'>Godun,</span> <span class='ocrx_word' id='word_1_29' title='bbox 896 975 1308 1047; x_wconf 74' lang='lat' dir='ltr'>interpellantes</span> <span class='ocrx_word' id='word_1_30' title='bbox 1330 985 1489 1046; x_wconf 83' lang='lat' dir='ltr'>atque</span> <span class='ocrx_word' id='word_1_31' title='bbox 1518 985 1832 1025; x_wconf 80' lang='lat' dir='ltr'>accusantes</span> <span class='ocrx_word' id='word_1_32' title='bbox 1861 974 2077 1025; x_wconf 88' lang='lat' dir='ltr'>fratrem</span> 
     </span>
     <span class='ocr_line' id='line_1_7' title="bbox 244 1050 2080 1138; baseline -0.004 -20"><span class='ocrx_word' id='word_1_33' title='bbox 244 1088 396 1118; x_wconf 88' lang='lat' dir='ltr'>suum</span> <span class='ocrx_word' id='word_1_34' title='bbox 447 1066 711 1138; x_wconf 76' lang='lat' dir='ltr'>Agonem,</span> <span class='ocrx_word' id='word_1_35' title='bbox 771 1065 1171 1136; x_wconf 69' lang='lat' dir='ltr'>presbyterum,</span> <span class='ocrx_word' id='word_1_36' title='bbox 1227 1063 1292 1114; x_wconf 88' lang='lat' dir='ltr'>de</span> <span class='ocrx_word' id='word_1_37' title='bbox 1347 1063 1650 1113; x_wconf 84' lang='lat' dir='ltr'>hereditate</span> <span class='ocrx_word' id='word_1_38' title='bbox 1707 1083 1842 1133; x_wconf 88' lang='lat' dir='ltr'>quae</span> <span class='ocrx_word' id='word_1_39' title='bbox 1908 1050 2080 1113; x_wconf 86' lang='lat' dir='ltr'>fuerat</span> 
     </span>
     <span class='ocr_line' id='line_1_8' title="bbox 242 1151 2082 1226; baseline -0.004 -20"><span class='ocrx_word' id='word_1_40' title='bbox 242 1155 505 1226; x_wconf 69' lang='lat' dir='ltr'>genitoris</span> <span class='ocrx_word' id='word_1_41' title='bbox 550 1154 791 1224; x_wconf 87' lang='lat' dir='ltr'>ipsorum</span> <span class='ocrx_word' id='word_1_42' title='bbox 837 1153 1054 1203; x_wconf 86' lang='lat' dir='ltr'>nomine</span> <span class='ocrx_word' id='word_1_43' title='bbox 1096 1151 1268 1210; x_wconf 71' lang='lat' dir='ltr'>Anau,</span> <span class='ocrx_word' id='word_1_44' title='bbox 1302 1152 1355 1201; x_wconf 88' lang='lat' dir='ltr'>in</span> <span class='ocrx_word' id='word_1_45' title='bbox 1398 1152 1516 1201; x_wconf 89' lang='lat' dir='ltr'>loco</span> <span class='ocrx_word' id='word_1_46' title='bbox 1561 1161 1908 1221; x_wconf 78' lang='lat' dir='ltr'>nuncupante</span> <span class='ocrx_word' id='word_1_47' title='bbox 1943 1152 2082 1201; x_wconf 87' lang='lat' dir='ltr'>Lan-</span> 
     </span>
     <span class='ocr_line' id='line_1_9' title="bbox 244 1227 2085 1315; baseline -0.003 -22"><span class='ocrx_word' id='word_1_48' title='bbox 244 1243 421 1315; x_wconf 75' lang='lat' dir='ltr'>degon</span> <span class='ocrx_word' id='word_1_49' title='bbox 446 1241 475 1303; x_wconf 86' lang='lat'>¹,</span> <span class='ocrx_word' id='word_1_50' title='bbox 508 1241 653 1312; x_wconf 89' lang='lat' dir='ltr'>quod</span> <span class='ocrx_word' id='word_1_51' title='bbox 686 1251 809 1312; x_wconf 89' lang='lat' dir='ltr'>post</span> <span class='ocrx_word' id='word_1_52' title='bbox 844 1227 898 1291; x_wconf 85' lang='lat' dir='ltr'>se</span> <span class='ocrx_word' id='word_1_53' title='bbox 926 1240 1062 1290; x_wconf 90' lang='lat' dir='ltr'>male</span> <span class='ocrx_word' id='word_1_54' title='bbox 1090 1239 1280 1290; x_wconf 80' lang='lat' dir='ltr'>ordine</span> <span class='ocrx_word' id='word_1_55' title='bbox 1315 1240 1613 1304; x_wconf 85' lang='lat' dir='ltr'>retincre[t]</span> <span class='ocrx_word' id='word_1_56' title='bbox 1646 1239 1728 1289; x_wconf 82' lang='lat' dir='ltr'>vel</span> <span class='ocrx_word' id='word_1_57' title='bbox 1763 1239 1838 1289; x_wconf 87' lang='lat' dir='ltr'>eis</span> <span class='ocrx_word' id='word_1_58' title='bbox 1868 1249 2085 1289; x_wconf 87' lang='lat' dir='ltr'>contra-</span> 
     </span>
     <span class='ocr_line' id='line_1_10' title="bbox 245 1325 2082 1399; baseline -0.003 -19"><span class='ocrx_word' id='word_1_59' title='bbox 245 1331 450 1381; x_wconf 85' lang='lat' dir='ltr'>diceret</span> <span class='ocrx_word' id='word_1_60' title='bbox 497 1330 713 1399; x_wconf 87' lang='lat' dir='ltr'>injuste.</span> <span class='ocrx_word' id='word_1_61' title='bbox 772 1330 984 1389; x_wconf 87' lang='lat' dir='ltr'>Postea,</span> <span class='ocrx_word' id='word_1_62' title='bbox 1036 1328 1257 1378; x_wconf 78' lang='lat' dir='ltr'>veniens</span> <span class='ocrx_word' id='word_1_63' title='bbox 1307 1329 1465 1399; x_wconf 80' lang='lat' dir='ltr'>Agun</span> <span class='ocrx_word' id='word_1_64' title='bbox 1507 1327 1793 1398; x_wconf 69' lang='lat' dir='ltr'>presbyter</span> <span class='ocrx_word' id='word_1_65' title='bbox 1830 1327 1884 1376; x_wconf 90' lang='lat' dir='ltr'>in</span> <span class='ocrx_word' id='word_1_66' title='bbox 1922 1325 2082 1376; x_wconf 91' lang='lat' dir='ltr'>mallo</span> 
     </span>
     <span class='ocr_line' id='line_1_11' title="bbox 245 1414 2083 1489; baseline -0.004 -20"><span class='ocrx_word' id='word_1_67' title='bbox 245 1418 483 1489; x_wconf 81' lang='lat' dir='ltr'>publico,</span> <span class='ocrx_word' id='word_1_68' title='bbox 538 1417 592 1466; x_wconf 92' lang='lat' dir='ltr'>in</span> <span class='ocrx_word' id='word_1_69' title='bbox 649 1416 768 1467; x_wconf 89' lang='lat' dir='ltr'>Ioco</span> <span class='ocrx_word' id='word_1_70' title='bbox 826 1426 1172 1487; x_wconf 80' lang='lat' dir='ltr'>nuncupante</span> <span class='ocrx_word' id='word_1_71' title='bbox 1231 1415 1429 1476; x_wconf 70' lang='lat' dir='ltr'>Brutia,</span> <span class='ocrx_word' id='word_1_72' title='bbox 1485 1415 1616 1466; x_wconf 90' lang='lat' dir='ltr'>dans</span> <span class='ocrx_word' id='word_1_73' title='bbox 1673 1414 2083 1485; x_wconf 87' lang='lat' dir='ltr'>responsionem</span> 
     </span>
     <span class='ocr_line' id='line_1_12' title="bbox 247 1501 2086 1574; baseline -0.002 -19"><span class='ocrx_word' id='word_1_74' title='bbox 247 1505 502 1556; x_wconf 78' lang='lat' dir='ltr'>fratribus</span> <span class='ocrx_word' id='word_1_75' title='bbox 547 1503 894 1574; x_wconf 84' lang='lat' dir='ltr'>supradictis,</span> <span class='ocrx_word' id='word_1_76' title='bbox 936 1504 1042 1554; x_wconf 91' lang='lat' dir='ltr'>ait:</span> <span class='ocrx_word' id='word_1_77' title='bbox 1089 1504 1290 1554; x_wconf 80' lang='lat' dir='ltr'>Multos</span> <span class='ocrx_word' id='word_1_78' title='bbox 1337 1503 1529 1553; x_wconf 79' lang='lat' dir='ltr'>donavi</span> <span class='ocrx_word' id='word_1_79' title='bbox 1576 1504 1644 1553; x_wconf 85' lang='lat' dir='ltr'>ob</span> <span class='ocrx_word' id='word_1_80' title='bbox 1689 1501 2086 1553; x_wconf 86' lang='lat' dir='ltr'>defendendam</span> 
     </span>
     <span class='ocr_line' id='line_1_13' title="bbox 245 1588 2087 1662; baseline -0.002 -19"><span class='ocrx_word' id='word_1_81' title='bbox 245 1594 398 1643; x_wconf 85' lang='lat' dir='ltr'>istam</span> <span class='ocrx_word' id='word_1_82' title='bbox 432 1592 791 1642; x_wconf 85' lang='lat' dir='ltr'>hereditatem</span> <span class='ocrx_word' id='word_1_83' title='bbox 819 1612 977 1661; x_wconf 85' lang='lat' dir='ltr'>quam</span> <span class='ocrx_word' id='word_1_84' title='bbox 1013 1592 1239 1662; x_wconf 83' lang='lat' dir='ltr'>queritis</span> <span class='ocrx_word' id='word_1_85' title='bbox 1268 1602 1319 1641; x_wconf 89' lang='lat' dir='ltr'>et</span> <span class='ocrx_word' id='word_1_86' title='bbox 1353 1591 1498 1641; x_wconf 90' lang='lat' dir='ltr'>illam</span> <span class='ocrx_word' id='word_1_87' title='bbox 1527 1611 1684 1662; x_wconf 85' lang='lat' dir='ltr'>quam</span> <span class='ocrx_word' id='word_1_88' title='bbox 1718 1590 1951 1652; x_wconf 82' lang='lat' dir='ltr'>tenetis3</span> <span class='ocrx_word' id='word_1_89' title='bbox 1992 1588 2087 1639; x_wconf 88' lang='lat' dir='ltr'>sed</span> 
     </span>
     <span class='ocr_line' id='line_1_14' title="bbox 244 1678 2085 1751; baseline -0.002 -20"><span class='ocrx_word' id='word_1_90' title='bbox 244 1700 439 1751; x_wconf 88' lang='lat' dir='ltr'>precor</span> <span class='ocrx_word' id='word_1_91' title='bbox 486 1700 578 1730; x_wconf 74' lang='lat' dir='ltr'>vos</span> <span class='ocrx_word' id='word_1_92' title='bbox 612 1690 668 1730; x_wconf 91' lang='lat' dir='ltr'>ut</span> <span class='ocrx_word' id='word_1_93' title='bbox 711 1678 952 1730; x_wconf 84' lang='lat' dir='ltr'>reddatis</span> <span class='ocrx_word' id='word_1_94' title='bbox 987 1679 1116 1729; x_wconf 86' lang='lat' dir='ltr'>mihi</span> <span class='ocrx_word' id='word_1_95' title='bbox 1155 1679 1494 1749; x_wconf 89' lang='lat' dir='ltr'>supradictos</span> <span class='ocrx_word' id='word_1_96' title='bbox 1530 1679 1734 1729; x_wconf 87' lang='lat' dir='ltr'>solidos</span> <span class='ocrx_word' id='word_1_97' title='bbox 1791 1689 1842 1728; x_wconf 90' lang='lat' dir='ltr'>et</span> <span class='ocrx_word' id='word_1_98' title='bbox 1898 1688 2085 1748; x_wconf 89' lang='lat' dir='ltr'>postea</span> 
     </span>
     <span class='ocr_line' id='line_1_15' title="bbox 247 1765 2086 1838; baseline -0.002 -19"><span class='ocrx_word' id='word_1_99' title='bbox 247 1768 515 1819; x_wconf 73' lang='lat' dir='ltr'>dividatur</span> <span class='ocrx_word' id='word_1_100' title='bbox 564 1767 861 1838; x_wconf 86' lang='lat' dir='ltr'>aequaliter</span> <span class='ocrx_word' id='word_1_101' title='bbox 925 1777 1109 1817; x_wconf 87' lang='lat' dir='ltr'>nostra</span> <span class='ocrx_word' id='word_1_102' title='bbox 1165 1767 1484 1817; x_wconf 83' lang='lat' dir='ltr'>hereditatis</span> <span class='ocrx_word' id='word_1_103' title='bbox 1535 1767 1675 1817; x_wconf 88' lang='lat' dir='ltr'>inter</span> <span class='ocrx_word' id='word_1_104' title='bbox 1719 1786 1835 1816; x_wconf 89' lang='lat' dir='ltr'>nos.</span> <span class='ocrx_word' id='word_1_105' title='bbox 1876 1765 2086 1816; x_wconf 87' lang='lat' dir='ltr'>Deinde</span> 
     </span>
     <span class='ocr_line' id='line_1_16' title="bbox 248 1854 2085 1927; baseline -0.002 -21"><span class='ocrx_word' id='word_1_106' title='bbox 248 1856 621 1927; x_wconf 80' lang='lat' dir='ltr'>judicaverunt</span> <span class='ocrx_word' id='word_1_107' title='bbox 668 1856 748 1906; x_wconf 87' lang='lat' dir='ltr'>illi</span> <span class='ocrx_word' id='word_1_108' title='bbox 789 1855 1008 1915; x_wconf 77' lang='lat' dir='ltr'>scavini,</span> <span class='ocrx_word' id='word_1_109' title='bbox 1047 1854 1450 1915; x_wconf 77' lang='lat' dir='ltr'>Maenuuallon‚</span> <span class='ocrx_word' id='word_1_110' title='bbox 1496 1854 1826 1914; x_wconf 87' lang='lat' dir='ltr'>Uurhoiarn,</span> <span class='ocrx_word' id='word_1_111' title='bbox 1874 1856 2085 1904; x_wconf 81' lang='lat' dir='ltr'>Branoc</span> 
     </span>
     <span class='ocr_line' id='line_1_17' title="bbox 249 1941 2087 2014; baseline -0.002 -20"><span class='ocrx_word' id='word_1_112' title='bbox 249 1943 394 2014; x_wconf 88' lang='lat' dir='ltr'>quod</span> <span class='ocrx_word' id='word_1_113' title='bbox 427 1944 747 2014; x_wconf 81' lang='lat' dir='ltr'>oportebat3</span> <span class='ocrx_word' id='word_1_114' title='bbox 803 1943 897 1993; x_wconf 91' lang='lat' dir='ltr'>sed</span> <span class='ocrx_word' id='word_1_115' title='bbox 925 1943 1036 2014; x_wconf 89' lang='lat' dir='ltr'>jam</span> <span class='ocrx_word' id='word_1_116' title='bbox 1073 1942 1249 1993; x_wconf 87' lang='lat' dir='ltr'>dictus</span> <span class='ocrx_word' id='word_1_117' title='bbox 1291 1942 1443 1993; x_wconf 81' lang='lat' dir='ltr'>Acun</span> <span class='ocrx_word' id='word_1_118' title='bbox 1487 1942 1785 1993; x_wconf 89' lang='lat' dir='ltr'>secundum</span> <span class='ocrx_word' id='word_1_119' title='bbox 1822 1941 2087 2012; x_wconf 87' lang='lat' dir='ltr'>judicium</span> 
     </span>
     <span class='ocr_line' id='line_1_18' title="bbox 249 2028 2088 2102; baseline -0.001 -21"><span class='ocrx_word' id='word_1_120' title='bbox 249 2032 594 2082; x_wconf 85' lang='lat' dir='ltr'>scabinorum</span> <span class='ocrx_word' id='word_1_121' title='bbox 634 2031 761 2081; x_wconf 88' lang='lat' dir='ltr'>talia</span> <span class='ocrx_word' id='word_1_122' title='bbox 816 2031 1126 2081; x_wconf 84' lang='lat' dir='ltr'>testimonia</span> <span class='ocrx_word' id='word_1_123' title='bbox 1168 2032 1537 2101; x_wconf 81' lang='lat' dir='ltr'>prcsentabat,</span> <span class='ocrx_word' id='word_1_124' title='bbox 1585 2031 1676 2102; x_wconf 83' lang='lat' dir='ltr'>qui</span> <span class='ocrx_word' id='word_1_125' title='bbox 1718 2031 1840 2090; x_wconf 82' lang='lat' dir='ltr'>hoc,</span> <span class='ocrx_word' id='word_1_126' title='bbox 1895 2028 2088 2080; x_wconf 88' lang='lat' dir='ltr'>testifi-</span> 
     </span>
     <span class='ocr_line' id='line_1_19' title="bbox 249 2117 2089 2190; baseline -0.002 -20"><span class='ocrx_word' id='word_1_127' title='bbox 249 2119 440 2179; x_wconf 82' lang='lat' dir='ltr'>cand0‚</span> <span class='ocrx_word' id='word_1_128' title='bbox 477 2119 985 2170; x_wconf 80' lang='lat' dir='ltr'>testimoniaverunt</span> <span class='ocrx_word' id='word_1_129' title='bbox 1019 2119 1165 2190; x_wconf 81' lang='lat' dir='ltr'>quod</span> <span class='ocrx_word' id='word_1_130' title='bbox 1190 2119 1454 2169; x_wconf 78' lang='lat' dir='ltr'>vidissent</span> <span class='ocrx_word' id='word_1_131' title='bbox 1489 2130 1540 2169; x_wconf 91' lang='lat' dir='ltr'>et</span> <span class='ocrx_word' id='word_1_132' title='bbox 1574 2119 1852 2170; x_wconf 86' lang='lat' dir='ltr'>audissent</span> <span class='ocrx_word' id='word_1_133' title='bbox 1873 2117 2089 2190; x_wconf 87' lang='lat' dir='ltr'>quando</span> 
     </span>
     <span class='ocr_line' id='line_1_20' title="bbox 250 2206 2091 2278; baseline -0.001 -21"><span class='ocrx_word' id='word_1_134' title='bbox 250 2207 592 2278; x_wconf 89' lang='lat' dir='ltr'>supradictus</span> <span class='ocrx_word' id='word_1_135' title='bbox 655 2206 809 2258; x_wconf 81' lang='lat' dir='ltr'>Acun</span> <span class='ocrx_word' id='word_1_136' title='bbox 875 2207 1092 2257; x_wconf 70' lang='lat' dir='ltr'>donavit</span> <span class='ocrx_word' id='word_1_137' title='bbox 1156 2209 1194 2258; x_wconf 88' lang='lat' dir='ltr'>C</span> <span class='ocrx_word' id='word_1_138' title='bbox 1240 2207 1441 2257; x_wconf 90' lang='lat' dir='ltr'>solidos</span> <span class='ocrx_word' id='word_1_139' title='bbox 1505 2207 1646 2258; x_wconf 88' lang='lat' dir='ltr'>inter</span> <span class='ocrx_word' id='word_1_140' title='bbox 1687 2207 1992 2260; x_wconf 90' lang='lat' dir='ltr'>Uuidonem</span> <span class='ocrx_word' id='word_1_141' title='bbox 2039 2215 2091 2256; x_wconf 89' lang='lat' dir='ltr'>et.</span> 
     </span>
     <span class='ocr_line' id='line_1_21' title="bbox 250 2293 2090 2357; baseline -0.001 -12"><span class='ocrx_word' id='word_1_142' title='bbox 250 2295 461 2345; x_wconf 88' lang='lat' dir='ltr'>Adalun</span> <span class='ocrx_word' id='word_1_143' title='bbox 505 2306 555 2345; x_wconf 91' lang='lat' dir='ltr'>et</span> <span class='ocrx_word' id='word_1_144' title='bbox 597 2295 802 2345; x_wconf 83' lang='lat' dir='ltr'>Ratuili</span> <span class='ocrx_word' id='word_1_145' title='bbox 850 2305 901 2345; x_wconf 93' lang='lat' dir='ltr'>et</span> <span class='ocrx_word' id='word_1_146' title='bbox 935 2295 1102 2357; x_wconf 87' lang='lat' dir='ltr'>ali0s;</span> <span class='ocrx_word' id='word_1_147' title='bbox 1163 2306 1215 2345; x_wconf 89' lang='lat' dir='ltr'>et</span> <span class='ocrx_word' id='word_1_148' title='bbox 1272 2295 1514 2346; x_wconf 88' lang='lat' dir='ltr'>conclusi</span> <span class='ocrx_word' id='word_1_149' title='bbox 1577 2306 1701 2346; x_wconf 89' lang='lat' dir='ltr'>sunt</span> <span class='ocrx_word' id='word_1_150' title='bbox 1734 2296 1882 2345; x_wconf 85' lang='lat' dir='ltr'>XXX</span> <span class='ocrx_word' id='word_1_151' title='bbox 1931 2293 2090 2345; x_wconf 88' lang='lat' dir='ltr'>solidi</span> 
     </span>
     <span class='ocr_line' id='line_1_22' title="bbox 252 2382 2090 2453; baseline 0 -21"><span class='ocrx_word' id='word_1_152' title='bbox 252 2383 392 2432; x_wconf 87' lang='lat' dir='ltr'>inter</span> <span class='ocrx_word' id='word_1_153' title='bbox 443 2382 676 2432; x_wconf 75' lang='lat' dir='ltr'>Etelsrid</span> <span class='ocrx_word' id='word_1_154' title='bbox 728 2393 780 2432; x_wconf 90' lang='lat' dir='ltr'>et</span> <span class='ocrx_word' id='word_1_155' title='bbox 836 2382 1056 2432; x_wconf 85' lang='lat' dir='ltr'>fratrem</span> <span class='ocrx_word' id='word_1_156' title='bbox 1086 2403 1239 2433; x_wconf 92' lang='lat' dir='ltr'>suum</span> <span class='ocrx_word' id='word_1_157' title='bbox 1275 2383 1492 2444; x_wconf 77' lang='lat' dir='ltr'>Godun,</span> <span class='ocrx_word' id='word_1_158' title='bbox 1531 2394 1582 2433; x_wconf 87' lang='lat' dir='ltr'>et</span> <span class='ocrx_word' id='word_1_159' title='bbox 1608 2384 1918 2433; x_wconf 84' lang='lat' dir='ltr'>habuerunt</span> <span class='ocrx_word' id='word_1_160' title='bbox 1943 2382 2090 2453; x_wconf 88' lang='lat' dir='ltr'>peni-</span> 
     </span>
     <span class='ocr_line' id='line_1_23' title="bbox 251 2469 2092 2541; baseline 0 -23"><span class='ocrx_word' id='word_1_161' title='bbox 251 2469 473 2519; x_wconf 86' lang='lat' dir='ltr'>tentiam</span> <span class='ocrx_word' id='word_1_162' title='bbox 537 2490 599 2519; x_wconf 88' lang='lat' dir='ltr'>co</span> <span class='ocrx_word' id='word_1_163' title='bbox 658 2469 803 2539; x_wconf 84' lang='lat' dir='ltr'>quod</span> <span class='ocrx_word' id='word_1_164' title='bbox 866 2481 1209 2520; x_wconf 86' lang='lat' dir='ltr'>accusassent</span> <span class='ocrx_word' id='word_1_165' title='bbox 1264 2470 1483 2521; x_wconf 87' lang='lat' dir='ltr'>fratrem</span> <span class='ocrx_word' id='word_1_166' title='bbox 1542 2491 1696 2521; x_wconf 89' lang='lat' dir='ltr'>suum</span> <span class='ocrx_word' id='word_1_167' title='bbox 1761 2481 1812 2520; x_wconf 90' lang='lat' dir='ltr'>et</span> <span class='ocrx_word' id='word_1_168' title='bbox 1867 2480 2092 2541; x_wconf 87' lang='lat' dir='ltr'>propter</span> 
     </span>
     <span class='ocr_line' id='line_1_24' title="bbox 253 2557 2092 2629; baseline 0.001 -23"><span class='ocrx_word' id='word_1_169' title='bbox 253 2557 433 2607; x_wconf 74' lang='lat' dir='ltr'>vinum</span> <span class='ocrx_word' id='word_1_170' title='bbox 483 2557 628 2627; x_wconf 86' lang='lat' dir='ltr'>quod</span> <span class='ocrx_word' id='word_1_171' title='bbox 676 2557 1082 2627; x_wconf 87' lang='lat' dir='ltr'>promississent</span> <span class='ocrx_word' id='word_1_172' title='bbox 1130 2558 1196 2608; x_wconf 92' lang='lat' dir='ltr'>ad</span> <span class='ocrx_word' id='word_1_173' title='bbox 1244 2559 1527 2610; x_wconf 74' lang='lat' dir='ltr'>Nominoe.</span> <span class='ocrx_word' id='word_1_174' title='bbox 1576 2558 1787 2610; x_wconf 89' lang='lat' dir='ltr'>Deinde</span> <span class='ocrx_word' id='word_1_175' title='bbox 1850 2578 1947 2629; x_wconf 90' lang='lat' dir='ltr'>per</span> <span class='ocrx_word' id='word_1_176' title='bbox 1982 2578 2092 2608; x_wconf 90' lang='lat' dir='ltr'>am-</span> 
     </span>
     <span class='ocr_line' id='line_1_25' title="bbox 255 2644 2088 2717; baseline 0.002 -24"><span class='ocrx_word' id='word_1_177' title='bbox 255 2644 579 2695; x_wconf 86' lang='lat' dir='ltr'>monitiones</span> <span class='ocrx_word' id='word_1_178' title='bbox 643 2645 858 2695; x_wconf 86' lang='lat' dir='ltr'>illorum</span> <span class='ocrx_word' id='word_1_179' title='bbox 924 2646 1016 2716; x_wconf 85' lang='lat' dir='ltr'>qui</span> <span class='ocrx_word' id='word_1_180' title='bbox 1080 2646 1156 2696; x_wconf 85' lang='lat' dir='ltr'>ibi</span> <span class='ocrx_word' id='word_1_181' title='bbox 1218 2646 1460 2708; x_wconf 85' lang='lat' dir='ltr'>aderant,</span> <span class='ocrx_word' id='word_1_182' title='bbox 1520 2646 1867 2717; x_wconf 16' lang='lat' dir='ltr'>‘reconciliati</span> <span class='ocrx_word' id='word_1_183' title='bbox 1931 2656 2088 2707; x_wconf 78' lang='lat' dir='ltr'>sunt,</span> 
     </span>
     <span class='ocr_line' id='line_1_26' title="bbox 256 2732 2095 2808; baseline 0.001 -26"><span class='ocrx_word' id='word_1_184' title='bbox 256 2732 590 2783; x_wconf 87' lang='lat' dir='ltr'>dimittentes</span> <span class='ocrx_word' id='word_1_185' title='bbox 627 2733 991 2803; x_wconf 87' lang='lat' dir='ltr'>supradictam</span> <span class='ocrx_word' id='word_1_186' title='bbox 1024 2733 1381 2784; x_wconf 84' lang='lat' dir='ltr'>hereditatem</span> <span class='ocrx_word' id='word_1_187' title='bbox 1417 2735 1731 2808; x_wconf 76' lang='lat' dir='ltr'>Landegon,</span> <span class='ocrx_word' id='word_1_188' title='bbox 1764 2735 2095 2806; x_wconf 88' lang='lat' dir='ltr'>accipientes</span> 
     </span>
     <span class='ocr_line' id='line_1_27' title="bbox 255 2820 2096 2894; baseline 0.001 -24"><span class='ocrx_word' id='word_1_189' title='bbox 255 2840 414 2870; x_wconf 89' lang='lat' dir='ltr'>unam</span> <span class='ocrx_word' id='word_1_190' title='bbox 479 2820 738 2871; x_wconf 88' lang='lat' dir='ltr'>carralem</span> <span class='ocrx_word' id='word_1_191' title='bbox 797 2821 862 2871; x_wconf 91' lang='lat' dir='ltr'>de</span> <span class='ocrx_word' id='word_1_192' title='bbox 924 2822 1048 2871; x_wconf 78' lang='lat' dir='ltr'>vino</span> <span class='ocrx_word' id='word_1_193' title='bbox 1112 2821 1341 2872; x_wconf 89' lang='lat' dir='ltr'>dandam</span> <span class='ocrx_word' id='word_1_194' title='bbox 1385 2823 1451 2873; x_wconf 91' lang='lat' dir='ltr'>ad</span> <span class='ocrx_word' id='word_1_195' title='bbox 1506 2824 1805 2886; x_wconf 76' lang='lat' dir='ltr'>Nominee3</span> <span class='ocrx_word' id='word_1_196' title='bbox 1853 2833 1904 2874; x_wconf 92' lang='lat' dir='ltr'>et</span> <span class='ocrx_word' id='word_1_197' title='bbox 1968 2842 2096 2894; x_wconf 87' lang='lat' dir='ltr'>pro-</span> 
     </span>
     <span class='ocr_line' id='line_1_28' title="bbox 257 2907 2098 2982; baseline 0.002 -25"><span class='ocrx_word' id='word_1_198' title='bbox 257 2907 520 2958; x_wconf 85' lang='lat' dir='ltr'>miserunt</span> <span class='ocrx_word' id='word_1_199' title='bbox 590 2909 705 2959; x_wconf 86' lang='lat' dir='ltr'>sinc</span> <span class='ocrx_word' id='word_1_200' title='bbox 770 2909 1124 2980; x_wconf 85' lang='lat' dir='ltr'>inquisitione</span> <span class='ocrx_word' id='word_1_201' title='bbox 1198 2911 1509 2981; x_wconf 87' lang='lat' dir='ltr'>supradicte</span> <span class='ocrx_word' id='word_1_202' title='bbox 1574 2923 1750 2962; x_wconf 87' lang='lat' dir='ltr'>terrae</span> <span class='ocrx_word' id='word_1_203' title='bbox 1816 2930 2098 2982; x_wconf 83' lang='lat' dir='ltr'>quousque</span> 
     </span>
     <span class='ocr_line' id='line_1_29' title="bbox 259 2995 2094 3050; baseline 0.002 -5"><span class='ocrx_word' id='word_1_204' title='bbox 259 2995 529 3046; x_wconf 82' lang='lat' dir='ltr'>solverent</span> <span class='ocrx_word' id='word_1_205' title='bbox 563 2997 710 3047; x_wconf 86' lang='lat' dir='ltr'>XXX</span> <span class='ocrx_word' id='word_1_206' title='bbox 737 2997 941 3048; x_wconf 89' lang='lat' dir='ltr'>solidos</span> <span class='ocrx_word' id='word_1_207' title='bbox 983 3008 1034 3048; x_wconf 89' lang='lat' dir='ltr'>et</span> <span class='ocrx_word' id='word_1_208' title='bbox 1069 3018 1227 3049; x_wconf 89' lang='lat' dir='ltr'>unam</span> <span class='ocrx_word' id='word_1_209' title='bbox 1270 2999 1528 3049; x_wconf 87' lang='lat' dir='ltr'>carralem</span> <span class='ocrx_word' id='word_1_210' title='bbox 1562 2999 1715 3050; x_wconf 84' lang='lat' dir='ltr'>fratri</span> <span class='ocrx_word' id='word_1_211' title='bbox 1750 3020 1845 3050; x_wconf 92' lang='lat' dir='ltr'>suo</span> <span class='ocrx_word' id='word_1_212' title='bbox 1887 2999 2094 3049; x_wconf 78' lang='lat' dir='ltr'>Acuno.</span> 
     </span>
     <span class='ocr_line' id='line_1_30' title="bbox 258 3085 2100 3156; baseline 0.002 -23"><span class='ocrx_word' id='word_1_213' title='bbox 258 3085 479 3134; x_wconf 82' lang='lat' dir='ltr'>Factum</span> <span class='ocrx_word' id='word_1_214' title='bbox 515 3094 595 3134; x_wconf 89' lang='lat' dir='ltr'>est</span> <span class='ocrx_word' id='word_1_215' title='bbox 628 3085 730 3134; x_wconf 87' lang='lat' dir='ltr'>hoc</span> <span class='ocrx_word' id='word_1_216' title='bbox 773 3086 897 3136; x_wconf 87' lang='lat' dir='ltr'>XIII</span> <span class='ocrx_word' id='word_1_217' title='bbox 935 3085 1052 3136; x_wconf 81' lang='lat' dir='ltr'>Kal.</span> <span class='ocrx_word' id='word_1_218' title='bbox 1101 3087 1354 3156; x_wconf 80' lang='lat' dir='ltr'>januarii,</span> <span class='ocrx_word' id='word_1_219' title='bbox 1403 3107 1580 3137; x_wconf 86' lang='lat' dir='ltr'>coram</span> <span class='ocrx_word' id='word_1_220' title='bbox 1623 3088 1785 3138; x_wconf 89' lang='lat' dir='ltr'>misso</span> <span class='ocrx_word' id='word_1_221' title='bbox 1835 3087 2100 3139; x_wconf 74' lang='lat' dir='ltr'>Nominoe</span> 
     </span>
    </p>
   </div>
   <div class='ocr_carea' id='block_1_5' title="bbox 265 3330 2103 3460">
    <p class='ocr_par' dir='ltr' id='par_1_5' title="bbox 265 3330 2103 3460">
     <span class='ocr_line' id='line_1_31' title="bbox 322 3330 2103 3389; baseline 0.003 -17"><span class='ocrx_word' id='word_1_222' title='bbox 322 3334 360 3373; x_wconf 88' lang='lat'>1.</span> <span class='ocrx_word' id='word_1_223' title='bbox 398 3330 441 3372; x_wconf 88' lang='lat' dir='ltr'>Il</span> <span class='ocrx_word' id='word_1_224' title='bbox 462 3338 528 3373; x_wconf 85' lang='lat' dir='ltr'>est</span> <span class='ocrx_word' id='word_1_225' title='bbox 553 3330 658 3389; x_wconf 68' lang='lat' dir='ltr'>de&#39;jcl</span> <span class='ocrx_word' id='word_1_226' title='bbox 686 3333 896 3389; x_wconf 77' lang='lat' dir='ltr'>question</span> <span class='ocrx_word' id='word_1_227' title='bbox 934 3332 988 3374; x_wconf 85' lang='lat' dir='ltr'>de</span> <span class='ocrx_word' id='word_1_228' title='bbox 1015 3348 1085 3374; x_wconf 86' lang='lat' dir='ltr'>ces</span> <span class='ocrx_word' id='word_1_229' title='bbox 1113 3333 1239 3375; x_wconf 75' lang='lat' dir='ltr'>biens</span> <span class='ocrx_word' id='word_1_230' title='bbox 1266 3334 1567 3377; x_wconf 76' lang='lat' dir='ltr'>lze&#39;re&#39;ditac&#39;res</span> <span class='ocrx_word' id='word_1_231' title='bbox 1592 3335 1660 3377; x_wconf 81' lang='lat' dir='ltr'>sis</span> <span class='ocrx_word' id='word_1_232' title='bbox 1683 3336 1711 3376; x_wconf 84' lang='grc' dir='ltr'><em>ἀ</em></span> <span class='ocrx_word' id='word_1_233' title='bbox 1735 3337 1784 3376; x_wconf 93' lang='lat' dir='ltr'>L.</span> <span class='ocrx_word' id='word_1_234' title='bbox 1814 3342 1856 3376; x_wconf 84' lang='lat' dir='ltr'>et</span> <span class='ocrx_word' id='word_1_235' title='bbox 1880 3334 1934 3377; x_wconf 88' lang='lat' dir='ltr'>de</span> <span class='ocrx_word' id='word_1_236' title='bbox 1967 3338 2103 3378; x_wconf 81' lang='grc' dir='ltr'><em>Αιιαιι</em></span> 
     </span>
     <span class='ocr_line' id='line_1_32' title="bbox 265 3396 1760 3460; baseline 0.004 -22"><span class='ocrx_word' id='word_1_237' title='bbox 265 3396 387 3439; x_wconf 80' lang='lat' dir='ltr'>dans</span> <span class='ocrx_word' id='word_1_238' title='bbox 416 3412 498 3439; x_wconf 81' lang='lat' dir='ltr'>une</span> <span class='ocrx_word' id='word_1_239' title='bbox 525 3397 680 3439; x_wconf 78' lang='lat' dir='ltr'>charte</span> <span class='ocrx_word' id='word_1_240' title='bbox 708 3397 761 3439; x_wconf 84' lang='lat' dir='ltr'>de</span> <span class='ocrx_word' id='word_1_241' title='bbox 787 3397 960 3455; x_wconf 66' lang='lat' dir='ltr'>Ifedon,</span> <span class='ocrx_word' id='word_1_242' title='bbox 990 3413 1035 3440; x_wconf 86' lang='lat' dir='ltr'>a.</span> <span class='ocrx_word' id='word_1_243' title='bbox 1065 3402 1163 3442; x_wconf 78' lang='lat'><strong>797.</strong></span> <span class='ocrx_word' id='word_1_244' title='bbox 1202 3401 1305 3442; x_wconf 75' lang='lat' dir='ltr'>Vol&#39;t·</span> <span class='ocrx_word' id='word_1_245' title='bbox 1327 3400 1436 3460; x_wconf 80' lang='lat' dir='ltr'>plus</span> <span class='ocrx_word' id='word_1_246' title='bbox 1459 3401 1586 3457; x_wconf 75' lang='lat' dir='ltr'>leant,</span> <span class='ocrx_word' id='word_1_247' title='bbox 1614 3410 1663 3443; x_wconf 73' lang='lat'>110</span> <span class='ocrx_word' id='word_1_248' title='bbox 1690 3404 1760 3446; x_wconf 89' lang='grc'>63.</span> 
     </span>
    </p>
   </div>
  </div>
 </body>
</html>
