2259 3692
1034 116 1328 166 -110-

259 243 548 294 advocatus
577 243 748 293 sancti
774 242 1030 303 Victoris,
1068 241 1344 313 preceptis
1379 259 1541 311 supra
1573 241 1882 291 memoratis
1916 260 2105 313 regum

256 331 339 382 vel
373 331 762 402 imperatorum
803 329 1006 381 ibidem
1048 330 1296 380 manibus
1340 327 1406 380 ad
1447 328 1801 400 relegendum
1843 328 2099 389 ostendit,

257 429 310 469 et
337 418 610 490 quomodo
639 439 802 489 supra
828 418 1110 469 memorati
1142 437 1300 490 reges
1328 436 1420 469 seu
1449 417 1608 467 etiam
1635 417 2010 488 imperatores,
2048 416 2104 466 in

257 506 616 558 luminaribus
668 506 898 558 ecclesie
957 506 1128 557 sancti
1176 506 1433 566 Victoris,
1486 505 1569 556 vel
1620 505 1669 556 ei
1719 505 2100 565 servientibus,

258 594 514 646 collatum
570 595 864 655 habebant,
904 605 957 645 ct
1013 594 1119 665 ipsi
1173 594 1420 665 precepti
1454 614 1517 644 ex
1552 604 1872 644 cunctorum
1929 592 2103 644 anulis

257 683 648 754 impressiones
683 682 965 733 manifeste
1000 692 1233 755 gestant.
1272 682 1341 733 At
1366 692 1495 732 tunc
1530 682 1647 752 ipse
1687 681 1928 752 prefatus
1968 681 2103 731 vica-

255 770 367 821 rius
402 771 549 842 ipsos
593 791 860 843 pagenses
901 790 998 842 per
1039 790 1226 822 eorum
1262 768 1694 822 sacramentum1
1729 771 1912 840 jurare
1953 767 2099 829 feeit,

255 869 313 909 ut
349 859 612 930 quicquid
639 859 704 910 de
738 860 839 910 hac
867 879 1044 919 causa,
1076 859 1218 910 inter
1245 859 1359 930 ipsa
1388 878 1506 909 casa
1534 858 1635 909 Dei
1671 857 1842 908 sancti
1868 856 2103 910 Victoris

255 947 337 998 vel
373 947 492 1018 ipso
527 947 785 998 advocato
815 948 1106 1000 Rothberti
1131 947 1337 1008 vicarii,
1370 947 1587 997 nomine
1617 944 1929 998 Guinifrido
1957 945 2102 1015 quic·

257 1035 389 1106 quid
424 1035 489 1086 de
531 1036 650 1106 ipso
698 1035 947 1106 predicto
988 1036 1246 1086 theloneo
1289 1036 1343 1085 in
1393 1036 1617 1086 veritate
1661 1035 1882 1095 scirent,
1922 1033 2103 1084 dicere

255 1123 337 1174 vel
365 1143 650 1174 secernere
678 1123 733 1173 in
766 1124 992 1174 veritate
1023 1123 1306 1174 deberent.
1349 1123 1510 1188 Quod
1543 1134 1595 1173 et
1629 1123 1701 1173 ita
1735 1122 1999 1173 fecerunt.
2043 1123 2102 1172 In

255 1212 445 1283 primis
497 1212 699 1282 juravit
749 1211 1109 1283 Bertelaigus,
1173 1213 1344 1262 Homo
1402 1212 1521 1272 Dei,
1575 1213 1872 1270 Manasses,
1934 1211 2102 1282 Raga-

256 1299 476 1361 nardus,
522 1299 806 1361 Arnulfus,
860 1300 1147 1360 Martinus,
1197 1300 1405 1360 Victor,
1454 1299 1763 1359 Geiraldus,
1813 1298 2098 1357 Macchon,

256 1390 642 1448 Enseramnus,
698 1387 833 1439 alius
890 1388 1266 1460 Raganardus,
1319 1389 1583 1449 Yonatha,
1639 1387 1844 1447 Gislao,
1896 1386 2098 1447 Yacob,

256 1477 546 1549 Georgius,
600 1476 891 1548 Agilmars,
955 1477 1306 1538 Benedictus,
1360 1476 1688 1537 Villemaris,
1741 1477 1884 1535 Ison,
1940 1476 2101 1546 lngo-

255 1566 460 1616 bertus.
496 1568 624 1617 Post
657 1566 819 1616 istum
855 1576 1268 1625 sacramentum,
1302 1564 1439 1616 sacta
1482 1565 1695 1637 legibus
1739 1563 2097 1623 discussione,

255 1653 632 1724 unusquisque
667 1673 764 1724 per
800 1674 855 1704 se
891 1654 1212 1726 interrogati
1253 1653 1336 1704 vel
1380 1653 1613 1704 discussi
1647 1652 1885 1703 fuerunt.
1926 1652 1993 1701 Et
2026 1649 2101 1700 sie.

255 1742 584 1792 unanimiter
632 1742 1160 1802 tcstimonizwerunt,
1209 1752 1261 1792 et
1304 1742 1559 1792 dixerunt
1607 1761 1704 1812 per
1754 1739 1891 1790 illud
1931 1758 2100 1789 sacra-

258 1840 516 1890 mentum,
573 1830 720 1901 quod
769 1830 874 1901 ipsi
917 1833 1157 1901 juratum
1206 1830 1500 1890 habebant,
1556 1828 1703 1900 quod
1754 1828 1945 1879 dicbus
1994 1826 2100 1876 vite

255 1938 441 1969 eorum
490 1929 542 1969 et
596 1919 938 1989 temporibus
990 1918 1221 1969 Leibulfi
1279 1919 1511 1979 comitiS,
1574 1917 1806 1988 qualiter
1855 1916 1909 1966 in
1968 1914 2100 1985 ipsis

253 2007 527 2077 preceptis
556 2007 957 2067 continebatur,
996 2007 1176 2057 taliter
1204 2006 1269 2057 ad
1303 2007 1473 2077 ipsam
1501 2026 1676 2057 casam
1711 2005 1813 2056 Dei
1839 2002 2102 2074 prefatam

254 2095 319 2145 de
346 2095 464 2165 ipso
498 2095 754 2146 theloneo
784 2115 996 2165 semper
1022 2095 1287 2155 viderant,
1328 2095 1559 2165 qualiter
1586 2092 1958 2144 vicedominus
1978 2090 1994 2115 Ξ
2017 2090 2100 2141 vel

253 2185 368 2253 ejus
418 2183 786 2234 ministerialis
836 2184 1007 2233 sancti
1055 2183 1292 2236 Victoris
1352 2203 1471 2233 611111
1522 2202 1647 2233 51105
1698 2180 1991 2252 participes
2045 2178 2100 2228 in

254 2271 505 2322 omnibus
564 2271 929 2332 ordinassent,
985 2272 1189 2342 absque
1232 2270 1640 2329 blandimento²⁵
1696 2270 1761 2320 de
1811 2267 2099 2320 comitibus

252 2359 334 2410 vel
368 2360 581 2410 vicariis
631 2359 1063 2410 ArelatensibuS.
1126 2359 1196 2409 At
1256 2370 1385 2410 tunc
1419 2360 1535 2430 ipse
1584 2358 1835 2418 vicarius,
1882 2355 2099 2406 nomine

254 2447 623 2508 Rothberdus,
684 2448 767 2498 vel
823 2468 949 2499 suus
1013 2448 1322 2509 advocatus,
1384 2448 1600 2498 nomine
1659 2444 2012 2504 Guinfredus,
2044 2443 2099 2493 in

252 2536 503 2586 omnibus
553 2535 756 2587 ibidem
784 2535 1084 2587 concrediti
1111 2535 1350 2596 fuerunt,
1384 2536 1531 2606 quod
1587 2545 1847 2606 quantum
1889 2533 1953 2584 de
1980 2532 2099 2603 ipso

251 2623 508 2675 theloneo
562 2624 645 2675 vel
701 2624 832 2675 fisco
874 2625 1073 2695 injuste
1117 2624 1412 2675 abstultum
1461 2624 1654 2683 suerat,
1693 2623 1798 2693 ipsi
1844 2632 2094 2691 uterque,

253 2712 591 2763 Rothbertus
614 2723 666 2763 et
701 2733 828 2764 suus
873 2713 1181 2773 advocatus,
1219 2732 1318 2783 pro
1354 2732 1540 2763 eorum
1582 2711 1762 2783 gadio,
1801 2708 2098 2761 secundum

253 2799 387 2872 legis
433 2800 699 2861 ordinem,
766 2800 1115 2862 Alexandrio,
1169 2800 1426 2851 advocato
1485 2800 1655 2850 sancti
1708 2798 1963 2857 Victoris,
2015 2795 2098 2846 vel

253 2886 489 2939 Albuino
519 2889 797 2960 episcopo,
836 2889 890 2939 in
926 2889 1176 2940 omnibus
1227 2908 1350 2938 suos
1385 2888 1573 2959 gadios
1631 2886 2093 2938 condonaverunt.

310 3139 354 3179 1.
392 3140 595 3179 Serment
620 3135 674 3178 de
700 3135 890 3193 fide'lite'.

309 3206 350 3244 2.
379 3203 461 3251 Ici,
494 3202 532 3244 Ie
558 3203 879 3244 vicedominus
906 3209 972 3244 est
996 3217 1053 3244 un
1083 3202 1275 3245 widame.
1305 3206 1435 3245 Dans
1463 3202 1500 3244 le
1526 3212 1576 3244 110
1603 3204 1671 3259 68,
1712 3201 1749 3243 le
1775 3200 2095 3242 vicedominus

248 3268 523 3325 Algibertus
551 3276 698 3310 estun
725 3270 933 3317 vicomte;
965 3283 1057 3326 voy.
1089 3270 1222 3310 aussi
1249 3268 1285 3310 le
1314 3278 1363 3310 110
1391 3272 1459 3312 88.

312 3337 353 3377 3.
389 3333 728 3390 Reclamation,
760 3335 1046 3393 opposition.
