<?xml version="1.0" encoding="UTF-8"?>
<!DOCTYPE html PUBLIC "-//W3C//DTD XHTML 1.0 Transitional//EN"
    "http://www.w3.org/TR/xhtml1/DTD/xhtml1-transitional.dtd">
<html xmlns="http://www.w3.org/1999/xhtml" xml:lang="en" lang="en">
 <head>
  <title>
</title>
<meta http-equiv="Content-Type" content="text/html;charset=utf-8" />
  <meta name='ocr-system' content='tesseract 3.04.00' />
  <meta name='ocr-capabilities' content='ocr_page ocr_carea ocr_par ocr_line ocrx_word'/>
</head>
<body>
  <div class='ocr_page' id='page_1' title='image "./textesrelatifsau00thuoft_0204.png"; bbox 0 0 2259 3692; ppageno 0'>
   <div class='ocr_carea' id='block_1_1' title="bbox 1019 235 1315 285">
    <p class='ocr_par' dir='ltr' id='par_1_1' title="bbox 1019 235 1315 285">
     <span class='ocr_line' id='line_1_1' title="bbox 1019 235 1315 285; baseline 0.007 -2"><span class='ocrx_word' id='word_1_1' title='bbox 1019 235 1315 285; x_wconf 77' lang='lat'>-184—</span> 
     </span>
    </p>
   </div>
   <div class='ocr_carea' id='block_1_2' title="bbox 240 360 2094 1139">
    <p class='ocr_par' dir='ltr' id='par_1_2' title="bbox 240 360 2094 1139">
     <span class='ocr_line' id='line_1_2' title="bbox 245 360 2094 421; baseline 0.002 -9"><span class='ocrx_word' id='word_1_2' title='bbox 245 362 425 412; x_wconf 84' lang='lat' dir='ltr'>Berno</span> <span class='ocrx_word' id='word_1_3' title='bbox 474 361 667 421; x_wconf 89' lang='lat' dir='ltr'>abbas,</span> <span class='ocrx_word' id='word_1_4' title='bbox 702 360 756 411; x_wconf 92' lang='lat' dir='ltr'>in</span> <span class='ocrx_word' id='word_1_5' title='bbox 795 360 1100 412; x_wconf 65' lang='lat' dir='ltr'>ammodioa</span> <span class='ocrx_word' id='word_1_6' title='bbox 1125 371 1248 411; x_wconf 87' lang='lat' dir='ltr'>ante</span> <span class='ocrx_word' id='word_1_7' title='bbox 1283 360 1633 421; x_wconf 85' lang='lat' dir='ltr'>Adalardum,</span> <span class='ocrx_word' id='word_1_8' title='bbox 1677 371 1730 412; x_wconf 89' lang='lat' dir='ltr'>et</span> <span class='ocrx_word' id='word_1_9' title='bbox 1771 363 2094 415; x_wconf 86' lang='lat' dir='ltr'>Bertardum</span> 
     </span>
     <span class='ocr_line' id='line_1_3' title="bbox 247 447 2093 520; baseline 0.002 -21"><span class='ocrx_word' id='word_1_10' title='bbox 247 459 299 500; x_wconf 87' lang='lat' dir='ltr'>et</span> <span class='ocrx_word' id='word_1_11' title='bbox 341 447 722 509; x_wconf 86' lang='lat' dir='ltr'>Leutboldum,</span> <span class='ocrx_word' id='word_1_12' title='bbox 762 459 815 499; x_wconf 91' lang='lat' dir='ltr'>et</span> <span class='ocrx_word' id='word_1_13' title='bbox 857 449 1183 500; x_wconf 87' lang='lat' dir='ltr'>Rotbertum</span> <span class='ocrx_word' id='word_1_14' title='bbox 1229 459 1282 499; x_wconf 90' lang='lat' dir='ltr'>et</span> <span class='ocrx_word' id='word_1_15' title='bbox 1326 447 1721 520; x_wconf 83' lang='lat' dir='ltr'>Aringaudum,</span> <span class='ocrx_word' id='word_1_16' title='bbox 1763 460 1816 500; x_wconf 89' lang='lat' dir='ltr'>et</span> <span class='ocrx_word' id='word_1_17' title='bbox 1859 450 2093 502; x_wconf 87' lang='lat' dir='ltr'>Alexan-</span> 
     </span>
     <span class='ocr_line' id='line_1_4' title="bbox 246 536 2092 610; baseline 0.002 -22"><span class='ocrx_word' id='word_1_18' title='bbox 246 536 422 598; x_wconf 88' lang='lat' dir='ltr'>drum,</span> <span class='ocrx_word' id='word_1_19' title='bbox 455 547 507 588; x_wconf 88' lang='lat' dir='ltr'>et</span> <span class='ocrx_word' id='word_1_20' title='bbox 552 536 940 609; x_wconf 82' lang='lat' dir='ltr'>Ingelgarium,</span> <span class='ocrx_word' id='word_1_21' title='bbox 981 548 1033 588; x_wconf 86' lang='lat' dir='ltr'>et</span> <span class='ocrx_word' id='word_1_22' title='bbox 1068 536 1441 610; x_wconf 82' lang='lat' dir='ltr'>Costabulum,</span> <span class='ocrx_word' id='word_1_23' title='bbox 1481 547 1533 587; x_wconf 87' lang='lat' dir='ltr'>et</span> <span class='ocrx_word' id='word_1_24' title='bbox 1568 536 1685 588; x_wconf 87' lang='lat' dir='ltr'>aliis</span> <span class='ocrx_word' id='word_1_25' title='bbox 1720 538 1878 589; x_wconf 89' lang='lat' dir='ltr'>bonis</span> <span class='ocrx_word' id='word_1_26' title='bbox 1916 540 2092 592; x_wconf 89' lang='lat' dir='ltr'>homi-</span> 
     </span>
     <span class='ocr_line' id='line_1_5' title="bbox 250 624 2091 697; baseline 0.002 -21"><span class='ocrx_word' id='word_1_27' title='bbox 250 625 442 687; x_wconf 83' lang='lat' dir='ltr'>nibus3</span> <span class='ocrx_word' id='word_1_28' title='bbox 500 635 552 676; x_wconf 93' lang='lat' dir='ltr'>et</span> <span class='ocrx_word' id='word_1_29' title='bbox 605 625 989 697; x_wconf 77' lang='lat' dir='ltr'>interpellabat</span> <span class='ocrx_word' id='word_1_30' title='bbox 1044 625 1347 677; x_wconf 82' lang='lat' dir='ltr'>Arnolduln</span> <span class='ocrx_word' id='word_1_31' title='bbox 1392 624 1722 697; x_wconf 76' lang='lat' dir='ltr'>Ayduinum,</span> <span class='ocrx_word' id='word_1_32' title='bbox 1776 626 2091 679; x_wconf 83' lang='lat' dir='ltr'>advocatum</span> 
     </span>
     <span class='ocr_line' id='line_1_6' title="bbox 245 713 2093 785; baseline 0.001 -19"><span class='ocrx_word' id='word_1_33' title='bbox 245 713 432 766; x_wconf 83' lang='lat' dir='ltr'>Sancti</span> <span class='ocrx_word' id='word_1_34' title='bbox 468 714 635 775; x_wconf 86' lang='lat' dir='ltr'>Petri,</span> <span class='ocrx_word' id='word_1_35' title='bbox 672 713 737 765; x_wconf 88' lang='lat' dir='ltr'>de</span> <span class='ocrx_word' id='word_1_36' title='bbox 771 734 857 765; x_wconf 86' lang='lat' dir='ltr'>res</span> <span class='ocrx_word' id='word_1_37' title='bbox 906 734 1010 785; x_wconf 86' lang='lat' dir='ltr'>que</span> <span class='ocrx_word' id='word_1_38' title='bbox 1062 725 1186 766; x_wconf 91' lang='lat' dir='ltr'>sunt</span> <span class='ocrx_word' id='word_1_39' title='bbox 1221 714 1320 765; x_wconf 87' lang='lat' dir='ltr'>site</span> <span class='ocrx_word' id='word_1_40' title='bbox 1364 714 1418 764; x_wconf 88' lang='lat' dir='ltr'>in</span> <span class='ocrx_word' id='word_1_41' title='bbox 1452 734 1592 785; x_wconf 77' lang='lat' dir='ltr'>pago</span> <span class='ocrx_word' id='word_1_42' title='bbox 1627 714 2006 777; x_wconf 87' lang='lat' dir='ltr'>Lucdunense,</span> <span class='ocrx_word' id='word_1_43' title='bbox 2038 717 2093 767; x_wconf 85' lang='lat' dir='ltr'>in</span> 
     </span>
     <span class='ocr_line' id='line_1_7' title="bbox 242 801 2094 874; baseline 0.001 -21"><span class='ocrx_word' id='word_1_44' title='bbox 242 802 348 853; x_wconf 89' lang='lat' dir='ltr'>fine</span> <span class='ocrx_word' id='word_1_45' title='bbox 386 801 761 863; x_wconf 87' lang='lat' dir='ltr'>Blaniacense,</span> <span class='ocrx_word' id='word_1_46' title='bbox 803 802 856 852; x_wconf 91' lang='lat' dir='ltr'>in</span> <span class='ocrx_word' id='word_1_47' title='bbox 892 813 1082 874; x_wconf 87' lang='lat' dir='ltr'>quarta</span> <span class='ocrx_word' id='word_1_48' title='bbox 1120 803 1492 863; x_wconf 87' lang='lat' dir='ltr'>Fulciacensc,</span> <span class='ocrx_word' id='word_1_49' title='bbox 1526 802 1591 853; x_wconf 87' lang='lat' dir='ltr'>de</span> <span class='ocrx_word' id='word_1_50' title='bbox 1641 803 1944 855; x_wconf 84' lang='lat' dir='ltr'>hereditate</span> <span class='ocrx_word' id='word_1_51' title='bbox 1987 804 2094 855; x_wconf 89' lang='lat' dir='ltr'>fra-</span> 
     </span>
     <span class='ocr_line' id='line_1_8' title="bbox 240 891 2088 963; baseline 0.001 -22"><span class='ocrx_word' id='word_1_52' title='bbox 240 891 340 942; x_wconf 88' lang='lat' dir='ltr'>tris</span> <span class='ocrx_word' id='word_1_53' title='bbox 368 891 449 941; x_wconf 88' lang='lat' dir='ltr'>sui</span> <span class='ocrx_word' id='word_1_54' title='bbox 480 892 728 951; x_wconf 85' lang='lat' dir='ltr'>Samson,</span> <span class='ocrx_word' id='word_1_55' title='bbox 767 901 820 942; x_wconf 91' lang='lat' dir='ltr'>ct</span> <span class='ocrx_word' id='word_1_56' title='bbox 854 902 979 942; x_wconf 91' lang='lat' dir='ltr'>sunt</span> <span class='ocrx_word' id='word_1_57' title='bbox 1012 891 1112 942; x_wconf 90' lang='lat' dir='ltr'>site</span> <span class='ocrx_word' id='word_1_58' title='bbox 1146 892 1199 942; x_wconf 84' lang='lat' dir='ltr'>in</span> <span class='ocrx_word' id='word_1_59' title='bbox 1237 891 1544 942; x_wconf 87' lang='lat' dir='ltr'>Baldrasias</span> <span class='ocrx_word' id='word_1_60' title='bbox 1577 891 1702 943; x_wconf 72' lang='lat' dir='ltr'>villa</span> <span class='ocrx_word' id='word_1_61' title='bbox 1729 892 1846 963; x_wconf 85' lang='lat' dir='ltr'>ipse</span> <span class='ocrx_word' id='word_1_62' title='bbox 1888 912 1994 954; x_wconf 88' lang='lat' dir='ltr'>rcs,</span> <span class='ocrx_word' id='word_1_63' title='bbox 2034 893 2088 943; x_wconf 88' lang='lat' dir='ltr'>in</span> 
     </span>
     <span class='ocr_line' id='line_1_9' title="bbox 241 978 2094 1052; baseline 0.001 -23"><span class='ocrx_word' id='word_1_64' title='bbox 241 978 526 1040; x_wconf 87' lang='lat' dir='ltr'>Avinione,</span> <span class='ocrx_word' id='word_1_65' title='bbox 566 978 620 1030; x_wconf 89' lang='lat' dir='ltr'>in</span> <span class='ocrx_word' id='word_1_66' title='bbox 655 979 1019 1040; x_wconf 82' lang='lat' dir='ltr'>Montaniaco,</span> <span class='ocrx_word' id='word_1_67' title='bbox 1052 980 1105 1030; x_wconf 92' lang='lat' dir='ltr'>in</span> <span class='ocrx_word' id='word_1_68' title='bbox 1140 980 1231 1031; x_wconf 90' lang='lat' dir='ltr'>illa</span> <span class='ocrx_word' id='word_1_69' title='bbox 1264 982 1490 1043; x_wconf 70' lang='lat' dir='ltr'>Fracta,</span> <span class='ocrx_word' id='word_1_70' title='bbox 1528 991 1580 1031; x_wconf 87' lang='lat' dir='ltr'>et</span> <span class='ocrx_word' id='word_1_71' title='bbox 1606 980 1889 1052; x_wconf 71' lang='lat' dir='ltr'>Ayduinus</span> <span class='ocrx_word' id='word_1_72' title='bbox 1916 981 1970 1031; x_wconf 91' lang='lat' dir='ltr'>in</span> <span class='ocrx_word' id='word_1_73' title='bbox 1998 1001 2094 1032; x_wconf 88' lang='lat' dir='ltr'>suo</span> 
     </span>
     <span class='ocr_line' id='line_1_10' title="bbox 242 1067 2094 1139; baseline 0.001 -20"><span class='ocrx_word' id='word_1_74' title='bbox 242 1088 506 1139; x_wconf 87' lang='lat' dir='ltr'>responso</span> <span class='ocrx_word' id='word_1_75' title='bbox 541 1067 675 1118; x_wconf 79' lang='lat' dir='ltr'>dixit</span> <span class='ocrx_word' id='word_1_76' title='bbox 710 1067 857 1139; x_wconf 84' lang='lat' dir='ltr'>quod</span> <span class='ocrx_word' id='word_1_77' title='bbox 901 1070 1050 1120; x_wconf 82' lang='lat' dir='ltr'>XXX</span> <span class='ocrx_word' id='word_1_78' title='bbox 1094 1068 1249 1118; x_wconf 88' lang='lat' dir='ltr'>annis</span> <span class='ocrx_word' id='word_1_79' title='bbox 1288 1069 1430 1119; x_wconf 84' lang='lat' dir='ltr'>inter</span> <span class='ocrx_word' id='word_1_80' title='bbox 1482 1071 1711 1121; x_wconf 83' lang='lat' dir='ltr'>Samson</span> <span class='ocrx_word' id='word_1_81' title='bbox 1745 1080 1797 1120; x_wconf 91' lang='lat' dir='ltr'>et</span> <span class='ocrx_word' id='word_1_82' title='bbox 1834 1071 2094 1121; x_wconf 87' lang='lat' dir='ltr'>Sanctum</span> 
     </span>
    </p>
   </div>
   <div class='ocr_carea' id='block_1_3' title="bbox 244 1154 1322 1227">
    <p class='ocr_par' dir='ltr' id='par_1_3' title="bbox 244 1154 1322 1227">
     <span class='ocr_line' id='line_1_11' title="bbox 244 1154 1322 1227; baseline -0.001 -19"><span class='ocrx_word' id='word_1_83' title='bbox 244 1158 465 1208; x_wconf 88' lang='lat' dir='ltr'>Petrum</span> <span class='ocrx_word' id='word_1_84' title='bbox 494 1155 559 1207; x_wconf 86' lang='lat' dir='ltr'>de</span> <span class='ocrx_word' id='word_1_85' title='bbox 586 1156 719 1226; x_wconf 86' lang='lat' dir='ltr'>ipsis</span> <span class='ocrx_word' id='word_1_86' title='bbox 746 1156 909 1206; x_wconf 86' lang='lat' dir='ltr'>rebus</span> <span class='ocrx_word' id='word_1_87' title='bbox 939 1166 991 1206; x_wconf 90' lang='lat' dir='ltr'>et</span> <span class='ocrx_word' id='word_1_88' title='bbox 1023 1154 1322 1227; x_wconf 75' lang='lat' dir='ltr'>111a110piis⁶</span> 
     </span>
    </p>
   </div>
   <div class='ocr_carea' id='block_1_4' title="bbox 242 1157 2093 1761">
    <p class='ocr_par' dir='ltr' id='par_1_4' title="bbox 242 1157 2093 1761">
     <span class='ocr_line' id='line_1_12' title="bbox 1346 1157 2088 1229; baseline 0.003 -22"><span class='ocrx_word' id='word_1_89' title='bbox 1346 1157 1528 1207; x_wconf 84' lang='lat' dir='ltr'>vestiti</span> <span class='ocrx_word' id='word_1_90' title='bbox 1554 1157 1802 1229; x_wconf 78' lang='lat' dir='ltr'>legaliter</span> <span class='ocrx_word' id='word_1_91' title='bbox 1829 1157 2088 1221; x_wconf 71' lang='lat' dir='ltr'>fuissent,</span> 
     </span>
     <span class='ocr_line' id='line_1_13' title="bbox 243 1244 2090 1315; baseline 0.001 -20"><span class='ocrx_word' id='word_1_92' title='bbox 243 1256 294 1296; x_wconf 86' lang='lat' dir='ltr'>et</span> <span class='ocrx_word' id='word_1_93' title='bbox 328 1265 467 1295; x_wconf 89' lang='lat' dir='ltr'>unus</span> <span class='ocrx_word' id='word_1_94' title='bbox 502 1265 529 1295; x_wconf 89' lang='lat' dir='ltr'>e</span> <span class='ocrx_word' id='word_1_95' title='bbox 557 1244 758 1295; x_wconf 88' lang='lat' dir='ltr'>familie</span> <span class='ocrx_word' id='word_1_96' title='bbox 795 1245 970 1295; x_wconf 84' lang='lat' dir='ltr'>stabat</span> <span class='ocrx_word' id='word_1_97' title='bbox 994 1255 1215 1315; x_wconf 86' lang='lat' dir='ltr'>paratus</span> <span class='ocrx_word' id='word_1_98' title='bbox 1244 1244 1577 1296; x_wconf 79' lang='lat' dir='ltr'>contendere</span> <span class='ocrx_word' id='word_1_99' title='bbox 1605 1265 1726 1296; x_wconf 90' lang='lat' dir='ltr'>cum</span> <span class='ocrx_word' id='word_1_100' title='bbox 1753 1266 1817 1297; x_wconf 89' lang='lat' dir='ltr'>eo</span> <span class='ocrx_word' id='word_1_101' title='bbox 1847 1246 1914 1297; x_wconf 85' lang='lat' dir='ltr'>ad</span> <span class='ocrx_word' id='word_1_102' title='bbox 1948 1247 2090 1298; x_wconf 86' lang='lat' dir='ltr'>bata—</span> 
     </span>
     <span class='ocr_line' id='line_1_14' title="bbox 243 1332 2093 1394; baseline 0.001 -10"><span class='ocrx_word' id='word_1_103' title='bbox 243 1334 391 1384; x_wconf 87' lang='lat' dir='ltr'>lium.</span> <span class='ocrx_word' id='word_1_104' title='bbox 439 1334 488 1384; x_wconf 92' lang='lat' dir='ltr'>Is</span> <span class='ocrx_word' id='word_1_105' title='bbox 523 1332 799 1383; x_wconf 84' lang='lat' dir='ltr'>Arnoldus</span> <span class='ocrx_word' id='word_1_106' title='bbox 850 1332 1084 1394; x_wconf 86' lang='lat' dir='ltr'>auditus,</span> <span class='ocrx_word' id='word_1_107' title='bbox 1137 1343 1190 1384; x_wconf 91' lang='lat' dir='ltr'>et</span> <span class='ocrx_word' id='word_1_108' title='bbox 1240 1333 1459 1384; x_wconf 83' lang='lat' dir='ltr'>racione</span> <span class='ocrx_word' id='word_1_109' title='bbox 1509 1334 1789 1385; x_wconf 86' lang='lat' dir='ltr'>convictus</span> <span class='ocrx_word' id='word_1_110' title='bbox 1839 1334 1893 1385; x_wconf 89' lang='lat' dir='ltr'>in</span> <span class='ocrx_word' id='word_1_111' title='bbox 1936 1345 2093 1386; x_wconf 88' lang='lat' dir='ltr'>antea</span> 
     </span>
     <span class='ocr_line' id='line_1_15' title="bbox 242 1408 2090 1494; baseline 0.001 -21"><span class='ocrx_word' id='word_1_112' title='bbox 242 1422 409 1483; x_wconf 88' lang='lat' dir='ltr'>stetit,</span> <span class='ocrx_word' id='word_1_113' title='bbox 449 1432 501 1472; x_wconf 92' lang='lat' dir='ltr'>et</span> <span class='ocrx_word' id='word_1_114' title='bbox 527 1408 776 1492; x_wconf 80' lang='lat' dir='ltr'>verpivit,</span> <span class='ocrx_word' id='word_1_115' title='bbox 817 1432 869 1472; x_wconf 88' lang='lat' dir='ltr'>ct</span> <span class='ocrx_word' id='word_1_116' title='bbox 903 1421 1080 1494; x_wconf 75' lang='lat' dir='ltr'>legem</span> <span class='ocrx_word' id='word_1_117' title='bbox 1115 1421 1260 1483; x_wconf 89' lang='lat' dir='ltr'>fecit,</span> <span class='ocrx_word' id='word_1_118' title='bbox 1300 1421 1384 1472; x_wconf 86' lang='lat' dir='ltr'>his</span> <span class='ocrx_word' id='word_1_119' title='bbox 1417 1422 1768 1493; x_wconf 79' lang='lat' dir='ltr'>present-ibus</span> <span class='ocrx_word' id='word_1_120' title='bbox 1807 1444 1816 1473; x_wconf 90' lang='lat'>:</span> <span class='ocrx_word' id='word_1_121' title='bbox 1858 1425 1913 1475; x_wconf 93' lang='lat' dir='ltr'>S.</span> <span class='ocrx_word' id='word_1_122' title='bbox 1945 1422 2090 1474; x_wconf 83' lang='lat' dir='ltr'>Ada-</span> 
     </span>
     <span class='ocr_line' id='line_1_16' title="bbox 242 1509 2092 1583; baseline 0.001 -22"><span class='ocrx_word' id='word_1_123' title='bbox 242 1510 397 1561; x_wconf 85' lang='lat' dir='ltr'>lardi.</span> <span class='ocrx_word' id='word_1_124' title='bbox 440 1512 495 1561; x_wconf 88' lang='lat' dir='ltr'>S.</span> <span class='ocrx_word' id='word_1_125' title='bbox 530 1509 841 1561; x_wconf 86' lang='lat' dir='ltr'>Teutboldi.</span> <span class='ocrx_word' id='word_1_126' title='bbox 886 1512 941 1562; x_wconf 89' lang='lat' dir='ltr'>S.</span> <span class='ocrx_word' id='word_1_127' title='bbox 984 1510 1253 1562; x_wconf 85' lang='lat' dir='ltr'>Bertardi.</span> <span class='ocrx_word' id='word_1_128' title='bbox 1297 1512 1352 1571; x_wconf 88' lang='lat' dir='ltr'>S,</span> <span class='ocrx_word' id='word_1_129' title='bbox 1391 1510 1712 1583; x_wconf 78' lang='lat' dir='ltr'>Aringaudi.</span> <span class='ocrx_word' id='word_1_130' title='bbox 1754 1514 1809 1563; x_wconf 89' lang='lat' dir='ltr'>S.</span> <span class='ocrx_word' id='word_1_131' title='bbox 1857 1511 2092 1564; x_wconf 82' lang='lat' dir='ltr'>Ale-xan-</span> 
     </span>
     <span class='ocr_line' id='line_1_17' title="bbox 244 1598 2093 1672; baseline 0.001 -22"><span class='ocrx_word' id='word_1_132' title='bbox 244 1598 345 1650; x_wconf 80' lang='lat' dir='ltr'>dri.</span> <span class='ocrx_word' id='word_1_133' title='bbox 381 1600 436 1650; x_wconf 91' lang='lat' dir='ltr'>S.</span> <span class='ocrx_word' id='word_1_134' title='bbox 463 1599 777 1671; x_wconf 78' lang='lat' dir='ltr'>Ingelgerii.</span> <span class='ocrx_word' id='word_1_135' title='bbox 806 1601 860 1651; x_wconf 93' lang='lat' dir='ltr'>S.</span> <span class='ocrx_word' id='word_1_136' title='bbox 896 1599 1234 1650; x_wconf 88' lang='lat' dir='ltr'>Constabuli.</span> <span class='ocrx_word' id='word_1_137' title='bbox 1264 1600 1320 1651; x_wconf 90' lang='lat' dir='ltr'>S.</span> <span class='ocrx_word' id='word_1_138' title='bbox 1346 1601 1426 1669; x_wconf 76' lang='lat' dir='ltr'>(ll</span> <span class='ocrx_word' id='word_1_139' title='bbox 1453 1601 1640 1671; x_wconf 78' lang='lat' dir='ltr'>noms).</span> <span class='ocrx_word' id='word_1_140' title='bbox 1669 1602 1784 1672; x_wconf 83' lang='lat' dir='ltr'>Ego</span> <span class='ocrx_word' id='word_1_141' title='bbox 1807 1600 2093 1653; x_wconf 86' lang='lat' dir='ltr'>Girsredus</span> 
     </span>
     <span class='ocr_line' id='line_1_18' title="bbox 243 1687 2091 1761; baseline 0.001 -23"><span class='ocrx_word' id='word_1_142' title='bbox 243 1688 559 1749; x_wconf 85' lang='lat' dir='ltr'>monachus,</span> <span class='ocrx_word' id='word_1_143' title='bbox 597 1687 663 1738; x_wconf 89' lang='lat' dir='ltr'>ad</span> <span class='ocrx_word' id='word_1_144' title='bbox 695 1687 867 1738; x_wconf 79' lang='lat' dir='ltr'>vicem</span> <span class='ocrx_word' id='word_1_145' title='bbox 902 1688 1231 1749; x_wconf 89' lang='lat' dir='ltr'>cancellarii,</span> <span class='ocrx_word' id='word_1_146' title='bbox 1277 1699 1499 1761; x_wconf 80' lang='lat' dir='ltr'>rogatus</span> <span class='ocrx_word' id='word_1_147' title='bbox 1543 1688 1756 1760; x_wconf 86' lang='lat' dir='ltr'>scripsi,</span> <span class='ocrx_word' id='word_1_148' title='bbox 1796 1689 1970 1740; x_wconf 85' lang='lat' dir='ltr'>datavi</span> <span class='ocrx_word' id='word_1_149' title='bbox 2018 1691 2091 1740; x_wconf 89' lang='lat' dir='ltr'>Ill</span> 
     </span>
    </p>
   </div>
   <div class='ocr_carea' id='block_1_5' title="bbox 243 1776 1487 1849">
    <p class='ocr_par' dir='ltr' id='par_1_5' title="bbox 243 1776 1487 1849">
     <span class='ocr_line' id='line_1_19' title="bbox 243 1776 1487 1849; baseline 0 -22"><span class='ocrx_word' id='word_1_150' title='bbox 243 1796 413 1828; x_wconf 87' lang='lat' dir='ltr'>nonas</span> <span class='ocrx_word' id='word_1_151' title='bbox 440 1776 584 1837; x_wconf 88' lang='lat' dir='ltr'>maii,</span> <span class='ocrx_word' id='word_1_152' title='bbox 623 1796 764 1828; x_wconf 89' lang='lat' dir='ltr'>anno</span> <span class='ocrx_word' id='word_1_153' title='bbox 799 1776 1041 1828; x_wconf 89' lang='lat' dir='ltr'>secundo</span> <span class='ocrx_word' id='word_1_154' title='bbox 1075 1776 1290 1829; x_wconf 83' lang='lat' dir='ltr'>Radulfi</span> <span class='ocrx_word' id='word_1_155' title='bbox 1323 1777 1487 1849; x_wconf 82' lang='lat' dir='ltr'>regis.</span> 
     </span>
    </p>
   </div>
   <div class='ocr_carea' id='block_1_6' title="bbox 242 2025 2094 2175">
    <p class='ocr_par' dir='ltr' id='par_1_6' title="bbox 242 2025 2094 2175">
     <span class='ocr_line' id='line_1_20' title="bbox 242 2025 2094 2095; baseline 0.003 -21"><span class='ocrx_word' id='word_1_156' title='bbox 242 2025 310 2074; x_wconf 80' lang='grc' dir='ltr'>Νο</span> <span class='ocrx_word' id='word_1_157' title='bbox 341 2029 471 2078; x_wconf 84' lang='grc'>126.</span> <span class='ocrx_word' id='word_1_158' title='bbox 513 2027 769 2077; x_wconf 78' lang='lat' dir='ltr'>Donalion</span> <span class='ocrx_word' id='word_1_159' title='bbox 811 2027 873 2076; x_wconf 83' lang='lat' dir='ltr'>cle</span> <span class='ocrx_word' id='word_1_160' title='bbox 913 2047 969 2076; x_wconf 67' lang='lat' dir='ltr'>sa</span> <span class='ocrx_word' id='word_1_161' title='bbox 1003 2036 1146 2095; x_wconf 73' lang='lat' dir='ltr'>part,</span> <span class='ocrx_word' id='word_1_162' title='bbox 1190 2029 1317 2078; x_wconf 72' lang='lat' dir='ltr'>(lans</span> <span class='ocrx_word' id='word_1_163' title='bbox 1355 2028 1442 2078; x_wconf 67' lang='lat' dir='ltr'>cles</span> <span class='ocrx_word' id='word_1_164' title='bbox 1478 2036 1640 2078; x_wconf 72' lang='lat' dir='ltr'>terre-5</span> <span class='ocrx_word' id='word_1_165' title='bbox 1683 2028 1926 2078; x_wconf 66' lang='lat' dir='ltr'>indivises</span> <span class='ocrx_word' id='word_1_166' title='bbox 1952 2037 2094 2079; x_wconf 75' lang='lat' dir='ltr'>entre</span> 
     </span>
     <span class='ocr_line' id='line_1_21' title="bbox 551 2107 1786 2175; baseline 0 -18"><span class='ocrx_word' id='word_1_167' title='bbox 551 2107 687 2157; x_wconf 65' lang='lat' dir='ltr'>dena:</span> <span class='ocrx_word' id='word_1_168' title='bbox 710 2109 896 2175; x_wconf 73' lang='lat' dir='ltr'>freres,</span> <span class='ocrx_word' id='word_1_169' title='bbox 917 2127 1022 2175; x_wconf 76' lang='lat' dir='ltr'>par</span> <span class='ocrx_word' id='word_1_170' title='bbox 1051 2109 1153 2158; x_wconf 78' lang='grc' dir='ltr'>ἰίιη</span> <span class='ocrx_word' id='word_1_171' title='bbox 1179 2109 1347 2158; x_wconf 74' lang='lat' dir='ltr'>cl&#39;euoe.</span> <span class='ocrx_word' id='word_1_172' title='bbox 1382 2110 1501 2175; x_wconf 75' lang='lat' dir='ltr'>(An.</span> <span class='ocrx_word' id='word_1_173' title='bbox 1530 2111 1786 2175; x_wconf 72' lang='lat'>927-942.)</span> 
     </span>
    </p>
   </div>
   <div class='ocr_carea' id='block_1_7' title="bbox 843 2281 1490 2346">
    <p class='ocr_par' dir='ltr' id='par_1_7' title="bbox 843 2281 1490 2346">
     <span class='ocr_line' id='line_1_22' title="bbox 843 2281 1490 2346; baseline -0.003 -17"><span class='ocrx_word' id='word_1_174' title='bbox 843 2281 1056 2330; x_wconf 75' lang='lat' dir='ltr'>Chartes</span> <span class='ocrx_word' id='word_1_175' title='bbox 1084 2281 1266 2346; x_wconf 79' lang='lat' dir='ltr'>Cluny,</span> <span class='ocrx_word' id='word_1_176' title='bbox 1298 2289 1351 2328; x_wconf 91' lang='lat' dir='ltr'>n⁰</span> <span class='ocrx_word' id='word_1_177' title='bbox 1376 2282 1490 2330; x_wconf 85' lang='lat'>333.</span> 
     </span>
    </p>
   </div>
   <div class='ocr_carea' id='block_1_8' title="bbox 318 2453 2020 2594">
    <p class='ocr_par' dir='ltr' id='par_1_8' title="bbox 318 2453 2020 2594">
     <span class='ocr_line' id='line_1_23' title="bbox 318 2453 2020 2524; baseline 0.002 -20"><span class='ocrx_word' id='word_1_178' title='bbox 318 2454 517 2504; x_wconf 87' lang='lat' dir='ltr'>Charta</span> <span class='ocrx_word' id='word_1_179' title='bbox 551 2473 654 2524; x_wconf 87' lang='lat' dir='ltr'>qua</span> <span class='ocrx_word' id='word_1_180' title='bbox 689 2456 882 2506; x_wconf 90' lang='lat' dir='ltr'>Petrus</span> <span class='ocrx_word' id='word_1_181' title='bbox 916 2453 1006 2504; x_wconf 88' lang='lat' dir='ltr'>dat</span> <span class='ocrx_word' id='word_1_182' title='bbox 1041 2454 1371 2505; x_wconf 86' lang='lat' dir='ltr'>monasterio</span> <span class='ocrx_word' id='word_1_183' title='bbox 1400 2454 1748 2506; x_wconf 86' lang='lat' dir='ltr'>Cluniaccnsi</span> <span class='ocrx_word' id='word_1_184' title='bbox 1776 2475 2020 2507; x_wconf 84' lang='lat' dir='ltr'>mansum</span> 
     </span>
     <span class='ocr_line' id='line_1_24' title="bbox 937 2541 1402 2594; baseline 0.004 -2"><span class='ocrx_word' id='word_1_185' title='bbox 937 2542 991 2593; x_wconf 83' lang='lat' dir='ltr'>in</span> <span class='ocrx_word' id='word_1_186' title='bbox 1024 2541 1152 2593; x_wconf 80' lang='lat' dir='ltr'>villa</span> <span class='ocrx_word' id='word_1_187' title='bbox 1179 2544 1402 2594; x_wconf 88' lang='lat' dir='ltr'>Boscos.</span> 
     </span>
    </p>
   </div>
   <div class='ocr_carea' id='block_1_9' title="bbox 245 2668 2093 3182">
    <p class='ocr_par' dir='ltr' id='par_1_9' title="bbox 245 2668 2093 3182">
     <span class='ocr_line' id='line_1_25' title="bbox 322 2668 2091 2721; baseline 0.001 -3"><span class='ocrx_word' id='word_1_188' title='bbox 322 2669 377 2718; x_wconf 86' lang='grc' dir='ltr'>[ιι</span> <span class='ocrx_word' id='word_1_189' title='bbox 414 2668 630 2719; x_wconf 86' lang='lat' dir='ltr'>nomine</span> <span class='ocrx_word' id='word_1_190' title='bbox 666 2668 833 2721; x_wconf 86' lang='lat' dir='ltr'>Verbi</span> <span class='ocrx_word' id='word_1_191' title='bbox 860 2669 1145 2720; x_wconf 83' lang='lat' dir='ltr'>incarnati.</span> <span class='ocrx_word' id='word_1_192' title='bbox 1177 2670 1376 2721; x_wconf 87' lang='lat' dir='ltr'>Notum</span> <span class='ocrx_word' id='word_1_193' title='bbox 1405 2669 1473 2720; x_wconf 88' lang='lat' dir='ltr'>sit</span> <span class='ocrx_word' id='word_1_194' title='bbox 1501 2670 1753 2720; x_wconf 84' lang='lat' dir='ltr'>omnibus</span> <span class='ocrx_word' id='word_1_195' title='bbox 1780 2670 2091 2721; x_wconf 82' lang='lat' dir='ltr'>christianis</span> 
     </span>
     <span class='ocr_line' id='line_1_26' title="bbox 246 2756 2091 2829; baseline 0.001 -23"><span class='ocrx_word' id='word_1_196' title='bbox 246 2756 594 2827; x_wconf 88' lang='lat' dir='ltr'>presentibus</span> <span class='ocrx_word' id='word_1_197' title='bbox 628 2767 680 2807; x_wconf 91' lang='lat' dir='ltr'>et</span> <span class='ocrx_word' id='word_1_198' title='bbox 708 2756 924 2817; x_wconf 86' lang='lat' dir='ltr'>suturis,</span> <span class='ocrx_word' id='word_1_199' title='bbox 957 2757 1104 2828; x_wconf 85' lang='lat' dir='ltr'>quod</span> <span class='ocrx_word' id='word_1_200' title='bbox 1130 2777 1231 2829; x_wconf 77' lang='lat' dir='ltr'>ego</span> <span class='ocrx_word' id='word_1_201' title='bbox 1258 2759 1471 2818; x_wconf 87' lang='lat' dir='ltr'>Petrus,</span> <span class='ocrx_word' id='word_1_202' title='bbox 1494 2757 1850 2808; x_wconf 83' lang='lat' dir='ltr'>reminiscens</span> <span class='ocrx_word' id='word_1_203' title='bbox 1877 2758 2091 2828; x_wconf 84' lang='lat' dir='ltr'>pondus</span> 
     </span>
     <span class='ocr_line' id='line_1_27' title="bbox 245 2845 2092 2918; baseline 0.001 -23"><span class='ocrx_word' id='word_1_204' title='bbox 245 2855 593 2915; x_wconf 88' lang='lat' dir='ltr'>peccatorum</span> <span class='ocrx_word' id='word_1_205' title='bbox 642 2864 904 2905; x_wconf 86' lang='lat' dir='ltr'>meorum,</span> <span class='ocrx_word' id='word_1_206' title='bbox 942 2845 1087 2896; x_wconf 88' lang='lat' dir='ltr'>unde</span> <span class='ocrx_word' id='word_1_207' title='bbox 1129 2845 1283 2896; x_wconf 80' lang='lat' dir='ltr'>valde</span> <span class='ocrx_word' id='word_1_208' title='bbox 1324 2856 1645 2918; x_wconf 77' lang='lat' dir='ltr'>aggravatus</span> <span class='ocrx_word' id='word_1_209' title='bbox 1685 2865 1820 2906; x_wconf 76' lang='lat' dir='ltr'>suni,</span> <span class='ocrx_word' id='word_1_210' title='bbox 1851 2856 1903 2896; x_wconf 87' lang='lat' dir='ltr'>et</span> <span class='ocrx_word' id='word_1_211' title='bbox 1928 2846 2092 2897; x_wconf 85' lang='lat' dir='ltr'>timeo</span> 
     </span>
     <span class='ocr_line' id='line_1_28' title="bbox 245 2932 2093 3004; baseline 0.002 -22"><span class='ocrx_word' id='word_1_212' title='bbox 245 2942 303 2983; x_wconf 91' lang='lat' dir='ltr'>ut</span> <span class='ocrx_word' id='word_1_213' title='bbox 330 2932 384 2982; x_wconf 92' lang='lat' dir='ltr'>in</span> <span class='ocrx_word' id='word_1_214' title='bbox 419 2943 607 2983; x_wconf 87' lang='lat' dir='ltr'>eterno</span> <span class='ocrx_word' id='word_1_215' title='bbox 630 2932 839 3003; x_wconf 84' lang='lat' dir='ltr'>judicio</span> <span class='ocrx_word' id='word_1_216' title='bbox 873 2933 1047 3003; x_wconf 88' lang='lat' dir='ltr'>patiar</span> <span class='ocrx_word' id='word_1_217' title='bbox 1072 2953 1260 3004; x_wconf 86' lang='lat' dir='ltr'>penas,</span> <span class='ocrx_word' id='word_1_218' title='bbox 1299 2944 1524 3004; x_wconf 83' lang='lat' dir='ltr'>propter</span> <span class='ocrx_word' id='word_1_219' title='bbox 1558 2934 1661 2984; x_wconf 89' lang='lat' dir='ltr'>hoc</span> <span class='ocrx_word' id='word_1_220' title='bbox 1705 2933 1848 2983; x_wconf 85' lang='lat' dir='ltr'>dono</span> <span class='ocrx_word' id='word_1_221' title='bbox 1890 2935 2006 2985; x_wconf 84' lang='lat' dir='ltr'>Deo</span> <span class='ocrx_word' id='word_1_222' title='bbox 2041 2945 2093 2985; x_wconf 90' lang='lat' dir='ltr'>ct</span> 
     </span>
     <span class='ocr_line' id='line_1_29' title="bbox 248 3021 2092 3080; baseline 0.002 -9"><span class='ocrx_word' id='word_1_223' title='bbox 248 3021 478 3073; x_wconf 87' lang='lat' dir='ltr'>Sanctae</span> <span class='ocrx_word' id='word_1_224' title='bbox 506 3021 726 3080; x_wconf 88' lang='lat' dir='ltr'>Mariae,</span> <span class='ocrx_word' id='word_1_225' title='bbox 752 3041 965 3071; x_wconf 90' lang='lat' dir='ltr'>necnon</span> <span class='ocrx_word' id='word_1_226' title='bbox 993 3032 1043 3071; x_wconf 91' lang='lat' dir='ltr'>ct</span> <span class='ocrx_word' id='word_1_227' title='bbox 1074 3024 1272 3073; x_wconf 86' lang='lat' dir='ltr'>Sancto</span> <span class='ocrx_word' id='word_1_228' title='bbox 1301 3024 1463 3073; x_wconf 88' lang='lat' dir='ltr'>Petro</span> <span class='ocrx_word' id='word_1_229' title='bbox 1491 3032 1542 3072; x_wconf 85' lang='lat' dir='ltr'>et</span> <span class='ocrx_word' id='word_1_230' title='bbox 1567 3022 1733 3073; x_wconf 86' lang='lat' dir='ltr'>Paulo</span> <span class='ocrx_word' id='word_1_231' title='bbox 1762 3033 1814 3073; x_wconf 90' lang='lat' dir='ltr'>et</span> <span class='ocrx_word' id='word_1_232' title='bbox 1841 3023 2092 3074; x_wconf 86' lang='lat' dir='ltr'>omnibus</span> 
     </span>
     <span class='ocr_line' id='line_1_30' title="bbox 247 3108 2091 3182; baseline 0.002 -24"><span class='ocrx_word' id='word_1_233' title='bbox 247 3108 466 3170; x_wconf 87' lang='lat' dir='ltr'>sanctis,</span> <span class='ocrx_word' id='word_1_234' title='bbox 498 3128 557 3159; x_wconf 90' lang='lat' dir='ltr'>ac</span> <span class='ocrx_word' id='word_1_235' title='bbox 594 3108 854 3160; x_wconf 87' lang='lat' dir='ltr'>Cluniaco</span> <span class='ocrx_word' id='word_1_236' title='bbox 888 3109 1026 3171; x_wconf 88' lang='lat' dir='ltr'>loco,</span> <span class='ocrx_word' id='word_1_237' title='bbox 1065 3130 1165 3181; x_wconf 84' lang='lat' dir='ltr'>pro</span> <span class='ocrx_word' id='word_1_238' title='bbox 1201 3110 1375 3161; x_wconf 89' lang='lat' dir='ltr'>anima</span> <span class='ocrx_word' id='word_1_239' title='bbox 1402 3130 1517 3162; x_wconf 86' lang='lat' dir='ltr'>mea</span> <span class='ocrx_word' id='word_1_240' title='bbox 1544 3121 1595 3162; x_wconf 85' lang='lat' dir='ltr'>ct</span> <span class='ocrx_word' id='word_1_241' title='bbox 1623 3111 1862 3162; x_wconf 82' lang='lat' dir='ltr'>omnium</span> <span class='ocrx_word' id='word_1_242' title='bbox 1895 3132 2091 3182; x_wconf 83' lang='lat' dir='ltr'>parcn-</span> 
     </span>
    </p>
   </div>
   <div class='ocr_carea' id='block_1_10' title="bbox 246 3338 2092 3527">
    <p class='ocr_par' dir='ltr' id='par_1_10' title="bbox 246 3338 2092 3527">
     <span class='ocr_line' id='line_1_31' title="bbox 305 3338 2092 3399; baseline 0.003 -21"><span class='ocrx_word' id='word_1_243' title='bbox 305 3338 345 3391; x_wconf 86' lang='lat' dir='ltr'>a)</span> <span class='ocrx_word' id='word_1_244' title='bbox 367 3338 600 3379; x_wconf 64' lang='lat' dir='ltr'>Pelet-licre</span> <span class='ocrx_word' id='word_1_245' title='bbox 627 3338 810 3380; x_wconf 86' lang='lat' dir='ltr'>amodio</span> <span class='ocrx_word' id='word_1_246' title='bbox 846 3338 1307 3394; x_wconf 75' lang='lat' dir='ltr'>(accommodement).</span> <span class='ocrx_word' id='word_1_247' title='bbox 1356 3342 1409 3382; x_wconf 79' lang='lat' dir='ltr'>Ce</span> <span class='ocrx_word' id='word_1_248' title='bbox 1447 3341 1561 3382; x_wconf 80' lang='lat' dir='ltr'>n&#39;est</span> <span class='ocrx_word' id='word_1_249' title='bbox 1597 3355 1702 3399; x_wconf 82' lang='lat' dir='ltr'>pas,</span> <span class='ocrx_word' id='word_1_250' title='bbox 1750 3341 1826 3389; x_wconf 69' lang='lat' dir='ltr'>ici,</span> <span class='ocrx_word' id='word_1_251' title='bbox 1869 3355 1927 3383; x_wconf 79' lang='lat' dir='ltr'>un</span> <span class='ocrx_word' id='word_1_252' title='bbox 1968 3339 2092 3399; x_wconf 71' lang='lat' dir='ltr'>plait</span> 
     </span>
     <span class='ocr_line' id='line_1_32' title="bbox 246 3402 2092 3466; baseline 0.003 -23"><span class='ocrx_word' id='word_1_253' title='bbox 246 3402 466 3459; x_wconf 60' lang='lat' dir='ltr'>regulc&#39;e1·‚·</span> <span class='ocrx_word' id='word_1_254' title='bbox 494 3404 530 3445; x_wconf 65' lang='lat' dir='ltr'>il</span> <span class='ocrx_word' id='word_1_255' title='bbox 549 3420 579 3461; x_wconf 67' lang='lat' dir='ltr'><em>y</em></span> <span class='ocrx_word' id='word_1_256' title='bbox 602 3418 628 3446; x_wconf 84' lang='grc' dir='ltr'><em>α</em></span> <span class='ocrx_word' id='word_1_257' title='bbox 656 3403 735 3446; x_wconf 82' lang='lat' dir='ltr'>des</span> <span class='ocrx_word' id='word_1_258' title='bbox 777 3422 791 3443; x_wconf 95' lang='lat'>«</span> <span class='ocrx_word' id='word_1_259' title='bbox 827 3404 937 3448; x_wconf 81' lang='lat' dir='ltr'>bons</span> <span class='ocrx_word' id='word_1_260' title='bbox 981 3405 1179 3448; x_wconf 78' lang='lat' dir='ltr'>hommes</span> <span class='ocrx_word' id='word_1_261' title='bbox 1211 3423 1245 3456; x_wconf 84' lang='lat'>»,</span> <span class='ocrx_word' id='word_1_262' title='bbox 1275 3408 1393 3449; x_wconf 77' lang='lat' dir='ltr'>mais</span> <span class='ocrx_word' id='word_1_263' title='bbox 1418 3422 1508 3466; x_wconf 82' lang='lat' dir='ltr'>pas</span> <span class='ocrx_word' id='word_1_264' title='bbox 1537 3406 1590 3449; x_wconf 78' lang='lat' dir='ltr'>de</span> <span class='ocrx_word' id='word_1_265' title='bbox 1617 3413 1771 3450; x_wconf 80' lang='lat' dir='ltr'>comte.</span> <span class='ocrx_word' id='word_1_266' title='bbox 1802 3432 1859 3439; x_wconf 88' lang='grc'>-</span> <span class='ocrx_word' id='word_1_267' title='bbox 1884 3407 1930 3463; x_wconf 92' lang='lat' dir='ltr'>b)</span> <span class='ocrx_word' id='word_1_268' title='bbox 1967 3409 2092 3449; x_wconf 81' lang='grc' dir='ltr'><em>Ροιιι·</em></span> 
     </span>
     <span class='ocr_line' id='line_1_33' title="bbox 249 3469 512 3527; baseline 0 -16"><span class='ocrx_word' id='word_1_269' title='bbox 249 3469 512 3527; x_wconf 82' lang='lat' dir='ltr'>mancipiis.</span> 
     </span>
    </p>
   </div>
  </div>
 </body>
</html>
