2259 3692
922 243 1215 296 —220—

144 386 329 418 eorum
382 369 511 420 Scto
554 370 713 421 Mart.
746 379 799 420 01
841 371 1000 422 nobis
1041 371 1097 422 in
1132 391 1345 422 servum
1389 371 1700 436 donaverat,
1734 395 1842 426 non
1889 396 1989 447 pro

143 475 297 506 scrvo
333 455 429 507 sed
455 476 555 527 pro
595 457 861 509 coliberto
896 458 1145 511 donasse.
1178 459 1335 511 Unde
1376 460 1578 534 placito
1621 463 1763 533 apud
1788 464 1988 517 Vindo-

143 543 322 594 cinum
373 546 688 607 constituto,
735 557 920 617 presto
970 549 1017 599 ei
1068 549 1354 599 habuimus
1397 549 1666 620 quendam
1714 552 1988 604 hominem

143 643 387 684 nostrum
433 633 498 684 de
544 635 854 697 Scorcellis,
887 636 1108 687 'I'eelum
1146 637 1383 699 1101111110,
1436 638 1528 709 qui
1563 651 1899 692 sacramento
1937 652 1990 692 et

137 720 344 791 judicio
379 723 480 773 Dei
506 723 784 793 probaret,
824 724 1195 777 Gundacrium
1233 726 1536 778 Guarinum
1561 738 1771 798 patrem
1804 749 1989 781 eorum

142 809 262 881 lege
295 811 436 862 servi
470 812 642 882 prius,
674 822 726 863 et
763 832 861 864 nos
902 824 1091 884 postea
1126 813 1269 865 dono
1305 817 1420 886 ejus
1461 816 1791 886 possedisse.
1832 817 1991 884 Quod

143 918 262 949 cum
290 899 406 970 ipse
435 899 688 952 dedicere
716 921 825 952 non
851 913 1055 973 posset,
1088 914 1483 955 sacramentum
1512 904 1731 975 quidem
1759 907 1986 977 recepit,

143 986 238 1037 sed
267 987 532 1058 judicium
567 989 907 1060 perdonavit.
942 990 1010 1042 At
1045 1011 1165 1042 cum
1200 992 1302 1043 hoc
1330 992 1490 1043 modo
1529 1014 1718 1064 parum
1754 1014 1810 1045 se
1854 995 1989 1046 obti-

142 1075 325 1127 nuisse
375 1088 643 1138 cerneret,
696 1080 857 1130 vertit
906 1099 962 1130 se
1013 1099 1200 1131 rursus
1243 1080 1309 1131 ad
1351 1081 1506 1132 aliam
1558 1082 1897 1144 calumniam,
1938 1094 1990 1135 ct

142 1164 319 1236 caepit
346 1165 662 1217 calumniari
688 1187 788 1237 pro
817 1167 1012 1218 ancilla
1041 1168 1300 1220 Helenam
1328 1180 1552 1220 matrem
1591 1191 1796 1233 eorum,
1830 1192 1989 1242 quam

142 1252 434 1305 Fulbertus
476 1255 695 1325 quidam
736 1255 800 1306 de
835 1255 1143 1309 Vindocino
1194 1259 1346 1328 cujus
1382 1257 1557 1309 fuerat
1585 1260 1743 1329 juris,
1776 1280 1989 1331 semper

142 1361 241 1412 pro
284 1342 549 1394 coliberta
587 1344 870 1395 habuerat.
912 1345 1012 1396 Cui
1048 1345 1208 1396 etiam
1251 1346 1572 1407 calumniae,
1613 1367 1711 1419 pel·
1761 1348 1989 1399 alterum

142 1441 387 1482 nostrum
422 1432 696 1483 hominem
739 1432 793 1483 in
839 1433 1030 1484 eodem
1058 1434 1259 1505 placito
1295 1435 1568 1486 obviatum
1603 1446 1702 1498 est,
1744 1437 1837 1507 qui
1867 1438 1988 1508 jure

136 1519 372 1590 jurando
397 1520 566 1571 voluit
594 1522 918 1592 approbare,
946 1522 1265 1574 Fulbertum
1299 1524 1558 1575 Helenam
1592 1545 1692 1596 pro
1727 1525 1990 1577 coliberta

141 1626 250 1658 non
299 1629 398 1680 pro
427 1609 621 1661 ancilla
652 1611 927 1662 habuisse.
969 1612 1181 1677 Quibus
1215 1612 1462 1683 utrisque.
1504 1614 1736 1664 testibus
1773 1614 1989 1665 convic-

142 1707 248 1757 tus,
287 1698 601 1750 Hamelinus
648 1700 811 1750 cessit
862 1699 1081 1751 tandem
1136 1701 1447 1762 concordie,
1489 1712 1540 1753 et
1593 1703 1640 1753 X
1683 1702 1748 1753 de
1801 1713 1988 1754 nostro

142 1787 377 1857 acceptis
411 1787 620 1848 solidis,
653 1789 800 1838 omni
836 1788 1056 1840 dimissa
1090 1789 1376 1851 calumnia,
1416 1791 1767 1862 Engelricum
1804 1801 1855 1842 01
1888 1790 1987 1842 fra·

140 1885 251 1925 tres
279 1877 393 1945 ejus
432 1878 560 1927 5010
595 1878 754 1928 Mart.
788 1888 839 1928 01
866 1878 1024 1928 nobis
1058 1889 1325 1950 perpetuo
1365 1879 1733 1940 auctorizavit,
1767 1881 1867 1931 sub
1902 1881 1986 1931 his

142 1963 373 2015 testibus
427 1965 519 2035 qui
573 1965 889 2017 interfuere.
947 1967 1101 2018 Sirus
1159 1967 1224 2018 de
1275 1968 1580 2040 Lengiacis,
1633 1969 1795 2019 homo
1846 1971 1981 2040 ejus.

141 2051 573 2104 Archembaldus
629 2055 996 2125 praepositus.
1036 2055 1328 2107 Fulbertus
1380 2056 1732 2108 telonearius
1775 2058 1986 2109 1111111111-

143 2140 242 2191 (1115
271 2140 335 2191 (10
369 2142 488 2193 Rua
512 2142 784 2194 Yassalor.
825 2144 908 2212 (IO
946 2145 1129 2212 noms‘).
1172 2146 1236 2195 G.
1276 2143 1518 2195 medicus
1563 2145 1859 2196 monachus
1895 2147 1986 2216 qui

142 2228 341 2300 placito
377 2228 546 2281 affuit.
586 2230 648 2282 Α.
676 2231 741 2282 (10
776 2231 1101 2293 Vindocino,
1133 2232 1227 2303 qui
1253 2232 1435 2302 spinas
1464 2232 1816 2302 adjudicium
1852 2234 1984 2285 cale-

144 2317 448 2370 faciendum
483 2319 804 2390 apportavit.

142 2581 207 2627 ΝΟ
237 2586 368 2633 153.
418 2583 577 2631 17011ίο
613 2582 764 2631 (Pane
801 2583 1063 2632 coliberte.
1109 2583 1381 2633 Couclition
1417 2584 1478 2633 de
1517 2584 1563 2632 la.
1590 2591 1751 2634 vente.
1795 2586 1866 2633 Le
1891 2586 1985 2634 sei—

201 2680 370 2729 qnem-
388 2662 454 2711 (111
482 2663 708 2713 vendeul·
733 2671 807 2713 est
823 2667 1064 2730 presente
1090 2683 1281 2714 comme
1305 2664 1620 2731 fidejusseur
1645 2672 1692 2715 et-
1709 2673 1899 2733 9az·ant
1924 2666 1984 2715 cle

205 2749 340 2793 toute
366 2744 598 2794 e'viclion.
633 2745 752 2801 (An.
787 2747 1103 2799 low-1054.)

640 2802 646 2810 ι
1090 2805 1095 2811 ι

439 2914 588 2961 Liber
615 2914 676 2962 de
703 2916 863 2963 servis
891 2915 1015 2980 Maj.
1047 2916 1187 2964 Mon.
1221 2917 1458 2975 XXVIII,
1494 2917 1561 2982 (p.
1592 2918 1689 2981 28).

291 3086 363 3134 De
398 3084 669 3135 Gcrlenda
704 3083 965 3135 coliberta
994 3105 1019 3135 a
1056 3083 1368 3137 Godcfrcdo
1402 3086 1560 3137 nobis
1594 3087 1828 3137 vendita.

212 3202 382 3252 Nosse
418 3200 707 3252 debebitis,
747 3233 818 3240 —
845 3201 1216 3253 Godefredum
1250 3202 1519 3274 quendam
1555 3203 1620 3254 de
1649 3203 1844 3265 Blesis,
1881 3205 1979 3255 ho-

138 3288 337 3339 minem
366 3288 613 3340 Gilduini
644 3290 998 3350 vicecomitis,
1030 3289 1199 3341 filium
1231 3291 1478 3342 Fulberti
1515 3291 1635 3343 Rufi
1669 3291 1979 3342 vendidisse

138 3376 296 3426 nobis
330 3375 507 3428 XIIcilll
542 3377 750 3436 solidis,
789 3397 886 3448 per
913 3398 1127 3429 manum
1155 3379 1340 3429 (10111111
1380 3382 1443 3430 Η.
1479 3379 1846 3430 elemosinarii
1879 3379 1977 3430 fra-

140 3464 236 3514 tris
272 3465 462 3525 nostri,
504 3465 773 3536 quandam
813 3466 1129 3517 colibertam
1170 3467 1497 3519 Gerlandam
1540 3468 1775 3528 nomine,
1815 3466 1977 3518 filiam
