2259 3692
1035 116 1330 166 ——230—

258 250 373 318 ejus
407 247 684 297 habebant
719 246 854 296 duos
890 264 1072 296 servos
1106 245 1162 295 in
1188 263 1491 304 commune,
1525 243 1846 295 Rainaldum
1880 256 1932 295 et
1960 265 2102 296 soro-

257 355 370 386 rem
405 337 539 405 ejus.
580 333 790 406 Ulgerii
824 333 1009 394 frater,
1049 332 1265 403 quando
1292 332 1440 382 venit
1467 331 1533 382 ad
1559 331 1721 382 finem
1750 352 1923 394 suum,
1955 333 2105 384 dedit

259 426 387 475 Scto
429 422 664 474 Martino
712 442 860 473 suam
905 432 1113 493 partem
1155 421 1221 471 de
1267 420 1373 470 illis
1413 420 1632 471 duobus
1675 421 1860 472 servis.
1909 423 2104 472 Postea

256 511 486 583 contigit
512 521 569 562 ut
597 510 825 561 domnus
854 511 1019 562 abbas
1048 512 1108 561 B.
1132 509 1339 560 rediret
1359 510 1615 570 Carnot0‚
1647 519 1698 559 et
1724 510 1981 560 transiret
2006 530 2103 580 per

256 599 623 651 Lavarzinum.
672 599 828 651 Unde
880 619 998 650 cum
1047 598 1236 659 exiret,
1284 597 1568 648 comitatus
1612 607 1693 647 est
1733 597 1782 647 ei
1825 597 2099 669 Ulgerius,

254 688 551 759 habitoque
607 707 856 738 sermone
912 687 977 738 de
1032 686 1293 758 predictis
1344 685 1531 746 serviS‚
1587 684 1721 736 dixit
1763 705 1819 736 se
1869 685 2103 736 libenter

256 776 557 827 concedere
608 776 809 827 donum
858 775 1066 836 fratris,
1121 785 1173 825 et
1224 775 1448 845 insuper
1499 793 1646 824 suam
1694 784 1902 844 partem
1952 773 2098 824 dare.

257 865 577 916 Convocatis
605 885 735 937 ergo
772 864 856 915 his
886 864 978 935 qui
1006 884 1125 914 011111
1154 863 1352 914 domno
1387 863 1580 913 abbate
1609 872 1762 913 erant
1790 862 1844 912 in
1872 862 2103 933 quadam

254 953 506 1024 plateola,
545 953 600 1003 in
639 953 757 1023 ipso
792 952 1019 1002 introitu
1050 951 1329 1006 XVastinae
1366 951 1548 1012 silvae,
1588 951 1838 1001 omnibus
1878 951 2102 1001 audien-

252 1041 398 1091 tibus
442 1041 789 1092 auctorizavit
838 1042 967 1092 Scto
1011 1039 1247 1090 Martino
1290 1050 1550 1109 utrosque
1597 1059 1800 1100 servos,
1839 1039 1895 1089 id
1937 1049 2018 1089 est
2051 1050 2103 1090 et

252 1139 460 1200 partem
515 1129 696 1180 fratris
751 1139 804 1179 et
858 1148 1041 1189 suam,
1102 1147 1263 1178 unam
1327 1127 1520 1177 libram
1582 1127 1787 1197 piperis
1844 1147 1943 1197 pro
1999 1128 2101 1178 hoc

253 1227 512 1288 expetens
560 1228 612 1268 et
661 1237 794 1268 unas
849 1218 1002 1268 botas
1038 1216 1104 1267 de
1139 1215 1502 1267 cordoanno¹.
1558 1216 1727 1286 Hujus
1769 1215 1849 1265 rei
1888 1225 2055 1266 testes
2089 1235 2097 1264 2

252 1306 312 1375 (8
347 1305 544 1377 noms).

253 1586 318 1633 N⁰
348 1589 482 1635 164.
524 1584 803 1650 Serflivre'
829 1603 933 1651 par
958 1603 1049 1632 3οη
1090 1589 1273 1633 maure
1301 1602 1359 1633 en
1389 1583 1682 1650 reparation
1709 1583 1831 1631 cl'un
1870 1583 1993 1631 (le'lz't
2022 1584 2099 1648 (ou

316 1665 603 1732 clommaqe')
628 1668 777 1714 cau-se'
791 1666 1013 1733 jusqu’e't
1041 1683 1383 1714 concurrence
1409 1665 1469 1714 cle
1497 1665 1544 1713 la
1573 1665 1750 1713 valeus·
1767 1663 1855 1713 cles
1880 1664 2101 1713 service-s

317 1747 378 1796 de
405 1765 458 1796 ce
484 1747 613 1813 serf.
647 1747 767 1812 (An.
803 1748 1126 1813 1064-1084).

637 1932 787 1980 Liber
814 1932 875 1980 de
909 1932 1069 1980 servis
1096 1932 1221 1996 Maj.
1252 1932 1394 1979 Mon.
1423 1932 1511 1990 VI,
1547 1932 1613 1996 (p.
1644 1933 1711 1996 ὃ).

868 2119 948 2168 De
981 2116 1211 2168 Arnulfo
1247 2116 1486 2168 Gazello.

329 2268 526 2318 Servus
591 2266 810 2336 quidem
874 2265 939 2316 de
1005 2265 1202 2315 familia
1263 2274 1466 2324 nostra,
1535 2264 1752 2314 nomine
1816 2264 2096 2325 Arnulsus,

255 2354 504 2407 Gazellus
541 2354 883 2426 cognomine,
927 2353 1028 2404 fuit
1062 2352 1334 2423 quoddam
1376 2352 1712 2403 forisfactum
1754 2352 2000 2403 Teduino
2035 2352 2100 2403 de

252 2443 500 2513 Rupibus
526 2465 536 2505 3
573 2452 798 2514 propter
833 2442 998 2513 quod,
1036 2441 1180 2492 idem
1208 2460 1392 2492 servus
1421 2461 1541 2492 oum
1569 2460 1678 2491 non
1705 2441 1931 2491 haberet
1957 2440 2100 2491 unde

252 2530 388 2582 illud
419 2541 604 2602 posset
629 2530 938 2592 emendare,
968 2529 1200 2581 traditus
1229 2540 1309 2581 est
1334 2530 1383 2580 ei
1421 2529 1540 2580 loco
1575 2528 1989 2590 emendationis,
2029 2528 2101 2579 ita

312 2756 352 2794 1.
396 2752 446 2793 U.
475 2758 600 2805 rectit
627 2766 710 2792 une
738 2750 843 2792 livre
885 2750 938 2791 de
961 2751 1115 2808 pois-re
1157 2757 1197 2791 et
1222 2749 1301 2791 des
1330 2750 1474 2791 bottes
1502 2749 1555 2791 de
1583 2749 1713 2805 (cuir)
1751 2748 2006 2790 cordonare.
2040 2751 2100 2790 La

251 2818 473 2860 donation
502 2824 566 2858 est
591 2816 812 2875 pat‘faite,
844 2817 919 2863 ici,
948 2830 1087 2874 parce
1115 2815 1230 2873 qu'it
1249 2831 1280 2872 y
1306 2830 1332 2856 cz
1361 2831 1413 2856 eu
1430 2816 1689 2873 prestation
1716 2814 1871 2869 1·e'elle;
1908 2815 2014 2856 c'est
2041 2830 2097 2856 liu

251 2890 429 2927 contrat
463 2901 476 2921 α
509 2898 553 2924 re
583 2902 615 2923 n.
645 2882 985 2924 L’obserwation
1020 2881 1284 2940 s'applique
1317 2880 1559 2923 cl'aillezcrs
1587 2882 1614 2922 (ὶ
1651 2880 1856 2922 d'autres
1895 2888 2099 2922 contrals

249 2958 291 2993 et
316 2950 378 2992 les
405 2947 630 3006 exemples
653 2949 680 2990 ὰ
709 2949 820 2989 citer
851 2948 1051 2989 seraient
1092 2948 1371 2999 teonzbreua‘;
1399 2963 1450 2989 en
1482 2947 1596 2989 voice·
1633 2963 1706 2993 un,
1735 2962 1865 2989 asse:
1892 2947 2095 2997 cliriezcx,

247 3017 348 3076 pris
375 3032 424 3057 en
452 3016 655 3056 Baviere.
681 3014 723 3055 Il
748 3014 888 3069 s'agit
914 3014 1048 3055 ct'une
1076 3014 1364 3056 transaction
1390 3021 1510 3055 entre
1536 3016 1590 3055 K.
1615 3021 1655 3055 et
1674 3016 1741 3067 ὁὶ,-
1762 3016 1816 3054 K.
1836 3013 1982 3055 donne
2003 3015 2030 3055 (ὶ
2050 3018 2097 3055 S.

249 3098 330 3125 son
356 3103 373 3119 «
409 3080 641 3123 hereditas
671 3097 707 3135 1),
739 3081 857 3121 mais
903 3082 1090 3136 (ijozites
1120 3081 1158 3121 si
1199 3096 1291 3121 non
1320 3080 1469 3122 donas
1508 3081 1620 3121 mihi
1664 3096 1802 3120 unum
1846 3079 2100 3138 pachonem

251 3148 470 3206 (Jambon)
496 3146 615 3188 nihil
655 3154 726 3188 est
761 3149 944 3202 firmum
972 3147 1092 3187 inter
1132 3163 1218 3187 nos
1261 3162 1344 3188 nec
1383 3148 1437 3188 de
1463 3162 1578 3205 pace
1620 3162 1704 3187 neo
1747 3147 1803 3187 de
1846 3145 2099 3187 traditione

252 3230 388 3272 quam
417 3214 519 3255 feci.
547 3213 697 3253 Jussit
734 3214 888 3268 itaque
915 3212 969 3252 A.
999 3213 1251 3268 episcopus
1290 3212 1463 3254 donare
1491 3213 1533 3253 ei
1570 3213 1698 3253 illum
1735 3211 2007 3270 pachonem,
2054 3218 2098 3251 et

254 3288 438 3338 uterque
472 3294 637 3321 manus
662 3279 819 3335 posuit
854 3293 992 3336 super·
1016 3278 1167 3336 ipsum
1195 3286 1235 3319 et
1265 3280 1512 3336 pacificati
1544 3285 1653 3320 sunt
1688 3293 1736 3320 eo
1778 3276 1930 3319 modo.
1962 3277 2091 3325 ‹Met-

254 3345 475 3401 chelbeck,
507 3345 611 3387 hist.
644 3345 845 3400 Frising.
871 3347 907 3398 J,
937 3354 986 3385 n0
1009 3346 1106 3392 159,
1138 3360 1210 3386 (tn.
1245 3348 1366 3399 808.)
