2259 3692
923 156 1182 206 ...30-

132 354 197 402 N⁰
222 358 318 406 25.
358 353 678 403 ,Iuridiction
704 353 826 401 cl'un
850 353 1003 402 ahhe'.
1034 354 1247 403 Formes
1272 353 1338 402 (Iu
1365 354 1500 403 droit
1524 355 1759 405 Se'culier.
1784 356 1983 404 Revert-

192 434 418 483 (lication
447 433 806 483 immobiliere.
839 434 1141 483 Pessession
1183 435 1494 484 trentenaire
1523 435 1770 504 invoque'e
1808 454 1912 502 par
1940 435 1984 484 Ie

194 515 496 581 defendeur.
552 516 753 564 Preuve
792 533 898 581 par
944 522 1171 565 serment
1219 522 1267 565 et
1321 516 1593 582 cojnreurs
1643 517 1868 583 adjuqe'e
1913 535 1978 564 au

193 595 311 662 ‹Ie'fe
330 596 497 645 uleur.
530 596 773 645 For-mule
799 595 888 645 cle-5
913 604 1182 646 Ser-ments.

492 751 566 816 (Z.
595 752 674 817 39>
704 751 878 800 Form.
916 752 1107 800 Turon.
1141 752 1222 817 (R.
1256 750 1316 800 G.
1345 752 1458 813 484,
1489 756 1511 812 ξ
1549 755 1612 818 1).

488 907 778 968 Judicium,
811 908 955 959 iuxta
983 908 1129 980 quod
1162 928 1320 960 causa
1353 909 1613 960 continet.

198 1019 435 1073 Veniens
462 1019 552 1070 ille
583 1019 669 1070 die
698 1018 811 1080 illo,
852 1019 998 1090 quod
1033 1020 1159 1071 fecit
1187 1020 1387 1071 mensis
1421 1020 1512 1071 ille
1541 1019 1655 1071 dies
1682 1029 1883 1081 tantos,
1920 1019 1973 1070 111

125 1107 244 1159 1000
279 1118 628 1178 nuncupante
656 1107 749 1157 illo
793 1118 918 1158 ante
951 1109 1319 1159 venerabilem
1354 1109 1525 1159 virum
1570 1108 1721 1159 illum
1757 1108 1976 1179 suisque

125 1196 463 1247 auditoribus
496 1196 579 1246 vel
614 1196 838 1266 reliquis
872 1196 1020 1257 viris,
1061 1197 1153 1267 qui
1180 1197 1382 1247 ibidem
1417 1197 1642 1247 aderant
1674 1197 1756 1247 vel
1791 1197 1977 1247 subter

124 1284 491 1335 firmaverunt.
528 1284 716 1354 Ibique
752 1283 1140 1354 interpellabat
1175 1285 1410 1355 aliquem
1450 1285 1724 1335 hominem
1759 1285 1976 1335 nomine

123 1372 294 1433 illum,
327 1372 453 1423 dum
490 1372 714 1433 diceret,
747 1392 810 1422 eo
839 1372 985 1443 quod
1019 1373 1379 1424 hereditatem
1416 1393 1565 1423 suam
1600 1373 1651 1422 in
1689 1372 1808 1423 1000
1836 1392 1976 1423 111111-

124 1472 355 1532 cupante
391 1461 503 1521 illo,
552 1481 688 1532 quae
724 1461 772 1512 ei
814 1472 928 1512 erat
964 1461 1165 1523 debita,
1211 1472 1335 1532 post
1379 1463 1472 1511 501
1507 1461 1769 1512 retineret
1809 1460 1892 1511 vel
1926 1461 1975 1512 ei

123 1550 262 1600 malo
313 1549 504 1600 ordine
555 1549 955 1600 contradiceret
1004 1550 1222 1600 iniuste.
1280 1552 1652 1622 Interrogatus
1702 1549 1793 1599 ille
1849 1560 1973 1599 ante

122 1638 269 1709 ipsos
316 1638 459 1688 viros
493 1638 674 1689 taliter
719 1638 868 1689 dedit
909 1638 963 1688 in
1007 1638 1305 1709 responsis,
1354 1638 1500 1709 quod
1540 1638 1711 1709 ipsam
1753 1637 1972 1688 heredi-

121 1736 304 1788 tatem,
346 1747 505 1797 quam
547 1726 662 1797 ipse
709 1737 896 1777 contra
934 1747 1055 1778 eum
1097 1727 1399 1797 repetebat,
1446 1726 1661 1799 genitor
1700 1746 1847 1785 suus,
1895 1727 1976 1777 vel

122 1816 337 1887 quilibet
373 1835 590 1886 parens,
629 1815 802 1885 ipsam
838 1815 886 1865 ei
927 1815 1167 1866 moriens
1203 1815 1590 1885 dereliquerat,
1622 1824 1674 1864 01
1710 1814 1775 1864 (10
1817 1814 1972 1864 11111115

124 1903 188 1955 30
211 1903 353 1954 inter
373 1903 389 1928 ²
414 1904 591 1974 ipsum
617 1914 669 1954 et
694 1914 949 1974 parentes
977 1924 1122 1965 51105,
1150 1903 1242 1974 ([111
1268 1903 1439 1974 ipsam
1467 1903 1516 1953 ei
1543 1902 1968 1973 dereliquerant,

120 1992 292 2062 ipsam
326 1992 649 2052 tenuissent,
704 2002 756 2042 et
791 1992 1089 2044 secundum
1133 1992 1308 2063 legem
1343 1992 1392 2042 ei
1433 1992 1501 2042 sit
1542 1991 1725 2042 debita
1744 1989 1777 2042 3.
1831 1992 1972 2041 Dum

122 2081 198 2131 510
232 2080 602 2141 intenderent,
636 2080 711 2131 sic
751 2080 856 2151 ipsi
892 2081 992 2131 viri
1027 2091 1323 2131 memorato
1365 2079 1583 2130 homine
1613 2079 1972 2130 decreverunt

120 2168 400 2230 indicium,
445 2180 503 2220 ut
545 2169 599 2219 in
642 2179 829 2219 noctes
862 2180 1058 2230 tantas,
1099 2169 1245 2240 quod
1285 2168 1463 2219 evenit
1506 2167 1591 2218 die
1635 2167 1746 2228 ille,
1794 2165 1971 2238 apud⁴⁴

121 2257 367 2308 homines
402 2268 600 2318 tantos,
633 2278 727 2308 sua
761 2277 923 2308 manu
956 2268 1123 2318 tanta,
1163 2258 1218 2307 in
1254 2256 1476 2307 basilica
1511 2256 1683 2306 sancti
1717 2255 1882 2315 illius,
1913 2254 1967 2305 in

122 2345 241 2396 loco
275 2356 624 2416 nuncupante
658 2345 770 2406 illo,
817 2345 1000 2396 taliter
1034 2345 1228 2396 debeat
1263 2345 1567 2404 coniurare,
1609 2343 1755 2415 quod
1796 2344 1968 2414 ipsam

120 2433 498 2495 hereditatem,
539 2454 698 2504 quam
740 2434 856 2504 ipse
897 2435 1058 2484 homo
1087 2444 1275 2485 contra
1316 2433 1492 2504 ipsum
1532 2433 1833 2503 repetebat,
1871 2451 1969 2502 per

119 2542 287 2572 annos
341 2523 404 2573 30
454 2523 595 2573 inter
652 2522 830 2593 ipsum
886 2533 937 2573 et
994 2533 1318 2573 memoratos
1366 2531 1620 2592 parentes
1670 2540 1814 2580 51105,
1877 2520 1969 2590 qui

119 2610 289 2681 ipsam
315 2610 673 2661 hereditatem
701 2611 995 2661 morientes
1030 2611 1079 2661 ei
1106 2610 1531 2681 dereliquerant,
1565 2629 1777 2679 semper
1798 2609 1967 2678 ipsam

116 2699 440 2759 tenuissent,
481 2710 533 2749 01
564 2719 661 2769 per
696 2699 843 2769 ipsos
880 2719 1048 2749 annos
1086 2700 1149 2750 30
1187 2698 1486 2749 secundum
1527 2697 1702 2769 legem
1744 2696 1865 2766 plus
1900 2695 1968 2745 sit

119 2786 233 2856 ipsa
259 2786 534 2837 hereditas
562 2787 610 2836 ei
636 2787 873 2837 habendi
902 2787 1083 2837 debita
1112 2807 1272 2857 quam
1299 2787 1416 2856 ipso
1444 2785 1650 2835 homini
1675 2783 1960 2834 reddendi.

121 2875 178 2926 Si
212 2875 315 2925 1100
342 2874 408 2925 11(1
441 2894 562 2925 011111
595 2873 888 2944 placitum⁵
927 2874 1212 2925 coniurare
1244 2873 1502 2944 potuerit,
1542 2873 1712 2943 ipsam
1747 2871 1965 2922 heredi-

177 3052 217 3092 1.
252 3053 349 3092 Par
371 3049 522 3092 devers
550 3049 618 3092 lui
642 3050 779 3107 (nacla
806 3050 943 3106 sicli).

176 3119 216 3158 2.
259 3118 376 3158 Tant
401 3116 469 3158 lui
494 3132 578 3175 que
604 3132 675 3158 ses
697 3123 890 3175 parents
920 3115 1039 3173 (leur
1069 3130 1335 3174 possession
1363 3122 1404 3157 et
1427 3114 1473 3156 la
1499 3115 1652 3156 sienne
1677 3113 1961 3171 s'ajouteut).

176 3186 217 3225 3.
261 3183 365 3225 Voir
390 3186 498 3225 Lex.
522 3185 653 3225 Rom.
692 3183 782 3225 Vis.
817 3181 926 3225 Cod.
958 3181 1124 3224 Tleeod.
1154 3183 1231 3239 IV,
1258 3184 1325 3239 12,
1357 3185 1409 3238 1,’
1443 3184 1554 3240 Cap.
1584 3184 1689 3237 Ley.
1716 3183 1750 3237 I,
1785 3184 1823 3227 7,
1855 3196 1892 3221 c.
1919 3183 1958 3231 3,

115 3264 162 3308 p.
192 3252 278 3305 165
306 3252 344 3305 8,
376 3265 413 3290 c.
440 3252 479 3307 3,
509 3266 556 3308 p.
586 3251 656 3291 19.

176 3317 216 3356 4.
252 3316 383 3357 Avec.

176 3383 216 3423 5.
254 3381 334 3426 [εἰ.
364 3383 390 3422 ἀ
419 3397 463 3422 ce
489 3388 622 3422 terme
647 3381 753 3436 fiaee',
786 3387 826 3422 et
851 3394 938 3422 non
964 3394 1054 3439 pas
1079 3379 1200 3438 plazt
1230 3379 1496 3438 (tribunal).
