2259 3692
1057 195 1351 246 —123—

282 324 397 395 ipse
446 342 531 373 res
574 324 696 393 jure
745 323 926 394 potius
974 323 1240 374 Notberto
1288 321 1596 392 presbitero
1646 322 1892 393 partibus
1943 323 2115 374 sancti

281 411 504 481 Hispani
539 409 720 461 debite
756 420 955 471 essent,
995 429 1152 481 quam
1187 408 1526 481 Agintrudis.
1570 408 1653 460 Ad
1685 409 1818 460 11300
1855 430 1978 461 mox
2011 411 2114 461 sin-

277 497 389 568 guli
431 498 530 548 sub
568 498 682 568 ipsa
720 498 1102 549 testificatione
1140 496 1330 547 eodem
1376 496 1536 546 modo
1572 497 1928 567 jurejurando
1965 499 2112 549 testi-

276 584 417 635 ficati
452 596 609 636 sunt:
641 586 787 656 quod
822 586 937 656 ipse
970 585 1160 636 titulus
1186 584 1516 635 venditionis
1552 603 1651 635 nec
1672 586 1794 654 jure
1829 587 2111 636 corrobor-

273 682 418 722 ratus
449 672 603 733 foret,
644 673 738 724 sed
766 673 969 733 surtim,
1009 692 1108 723 nec
1128 672 1423 744 legitimam
1452 672 1733 723 habuisset
1758 673 2071 723 vestituram
2097 695 2106 724 ε

271 760 519 810 similiter
569 770 620 811 et
664 761 752 811 ille
787 761 1021 831 scriptus
1063 780 1223 831 quem
1263 760 1547 831 ingeniose
1582 760 1815 811 Turonis
1851 760 2109 831 impetra-

268 858 472 908 verant,
499 848 706 898 inutilis
742 858 794 898 et
823 847 1153 898 inofficiosus
1175 858 1317 898 esset
1341 870 1351 911 3
1383 858 1435 898 et
1469 848 1585 918 ipse
1612 868 1699 898 res
1728 848 1897 920 magis
1925 848 2108 899 debite

266 946 447 985 essent
473 936 718 1006 partibus
747 936 919 986 sancti
946 936 1114 1006 Spani
1135 956 1292 1007 quam
1319 936 1566 1006 partibus
1582 934 1924 1007 Agintrudis.
1954 938 2106 988 Tunc

266 1023 604 1094 Amalgarius
638 1023 813 1094 palam
851 1023 1128 1094 professus
1175 1034 1282 1085 est,
1330 1023 1475 1094 quod
1530 1034 1696 1074 testes
1740 1043 1840 1074 nec
1881 1024 1957 1074 ibi
1990 1044 2107 1095 pre-

266 1111 565 1161 sentialiter
612 1131 711 1162 nec
762 1112 1019 1182 deinceps
1074 1112 1276 1162 habere
1319 1112 1654 1182 potuissent,
1708 1122 1760 1162 et
1808 1111 2107 1163 inofficiose

270 1198 444 1249 forent
478 1200 592 1270 ipse
622 1210 765 1250 carte
795 1220 925 1270 quas
958 1200 1034 1251 ibi
1067 1201 1306 1256 tenebat.
1338 1202 1465 1251 Mox
1485 1199 1693 1270 judicio
1722 1200 1980 1262 omnium,
2014 1201 2107 1272 qui

268 1287 467 1337 ibidem
485 1287 726 1348 aderant,
751 1288 1107 1360 interrogavit
1135 1290 1459 1341 Saramanus
1479 1288 1792 1359 prepositus
1815 1289 2103 1340 Otbertum

265 1375 579 1426 advocatum
606 1376 860 1446 prelibati
889 1376 1140 1427 Notberti
1174 1376 1486 1447 presbiteri,
1527 1376 1571 1427 si
1598 1376 1742 1446 ipsas
1772 1387 1945 1427 cartas
1973 1397 2105 1448 quas

264 1463 440 1513 adhue
461 1463 800 1534 Amalgarius
828 1464 1146 1514 inmanibus
1165 1465 1404 1525 tenebat,
1431 1463 1607 1514 faeere
1631 1463 1790 1515 salsas
1810 1465 2097 1535 potuisset.

264 1550 457 1600 Statim
485 1550 574 1601 ille
600 1551 885 1621 respondit
909 1572 917 1601 :
957 1552 1102 1622 quod
1130 1552 1455 1603 omnimodis
1483 1553 1749 1623 potuisset
1782 1553 1900 1604 illas
1928 1553 2104 1604 facere

264 1637 439 1688 salsaS.
481 1640 631 1689 Tunc
666 1641 787 1708 jure
820 1639 1026 1709 prefixo
1070 1659 1190 1690 cum
1231 1640 1463 1690 testibus
1509 1641 1810 1711 prenotatis
1846 1641 1973 1691 fecit
2015 1660 2103 1692 eas

261 1725 585 1776 omnimodis
650 1726 836 1787 falsas,
898 1737 950 1777 et
1006 1728 1059 1777 in
1115 1728 1363 1778 manibus
1428 1729 1598 1799 ipsius
1662 1728 1958 1801 Amalgarii
2012 1749 2100 1780 eas

259 1814 469 1883 punxit,
501 1824 554 1864 et
585 1814 712 1865 hinc
738 1815 955 1885 penitus
983 1815 1161 1877 scidit,
1194 1816 1333 1866 sicut
1367 1816 1415 1866 ei
1444 1817 1509 1867 ab
1545 1817 1796 1868 omnibus
1826 1817 2100 1888 judicatus

261 1912 341 1951 est
368 1912 419 1952 et
455 1902 831 1953 deliberatum.
874 1905 1012 1955 Sunt
1045 1904 1187 1954 enim
1222 1904 1339 1974 ipse
1374 1925 1459 1955 res
1498 1905 1552 1955 in
1584 1905 1711 1956 villa
1744 1925 1847 1976 quc
1880 1916 2101 1956 vocatur

260 1990 579 2052 Malebuxis,
633 2011 764 2061 quas
815 1991 1086 2062 quondam
1124 1992 1308 2043 Esaias
1354 1993 1627 2063 presbiter
1676 1993 1741 2044 de
1786 1993 2100 2045 Amalberto

259 2077 395 2128 datis
430 2079 538 2129 suis
573 2079 771 2149 preciis
807 2090 1010 2130 emerat
1045 2100 1148 2151 que
1183 2081 1236 2131 in
1273 2081 1431 2132 titulo
1469 2081 1798 2132 venditionis
1835 2101 1955 2132 cum
1991 2083 2100 2133 suis

255 2166 732 2218 terminationibus
775 2168 1028 2219 adnotate
1069 2169 1357 2220 habentur.
1416 2170 1615 2240 Sicque
1663 2190 1749 2221 res
1805 2170 1933 2221 istas
1978 2173 2100 2241 jure

254 2254 500 2324 partibus
541 2255 712 2306 sancti
760 2256 928 2326 Spani
967 2256 1176 2327 judicio
1220 2257 1458 2308 omnium
1501 2258 1706 2309 ibidem
1741 2259 2099 2310 residentium

227 2352 414 2412 'atque
464 2344 751 2393 astantium
808 2343 1048 2395 redditas
1110 2365 1169 2395 ac
1226 2345 1557 2396 evindicatas
1615 2366 1801 2397 eorum
1845 2347 2092 2407 consilio,

253 2430 518 2480 Notberto
567 2431 875 2500 presbitero
923 2432 1095 2482 visum
1151 2432 1252 2482 suit
1299 2443 1357 2483 ut
1406 2434 1545 2484 hanc
1588 2434 1782 2484 exinde
1824 2435 2097 2505 acciperet

253 2517 517 2577 notitiam,
544 2518 752 2568 seilicet
780 2529 855 2578 ut,
889 2519 932 2569 si
962 2519 1157 2570 suturis
1185 2521 1524 2591 temporibus
1553 2522 1846 2573 insidiante
1875 2523 2094 2573 inimico

253 2604 471 2655 humani
505 2606 721 2675 generis
749 2606 875 2656 inde
911 2607 1089 2678 aliqua
1124 2608 1290 2658 motio
1333 2609 1379 2659 ei
1424 2609 1645 2680 suisque
1686 2611 2093 2661 successoribus

252 2691 555 2753 advenerit,
611 2694 950 2745 manifestum
998 2696 1066 2745 sit
1116 2696 1388 2767 quomodo
1427 2699 1547 2767 jure
1586 2698 2093 2769 rationabiliterque

252 2779 609 2831 deliberatum
637 2802 660 2832 a
703 2782 950 2852 plurimis
987 2784 1263 2835 nobilibus
1298 2785 1426 2835 viris
1462 2805 1521 2835 ac
1557 2784 1859 2836 deffinitum
1898 2787 1965 2837 sit
2001 2787 2091 2857 qui

250 2868 337 2918 hie
394 2889 458 2919 ex
501 2868 662 2939 'parte
711 2870 981 2921 habentur
1032 2872 1292 2923 adnotati.
1358 2875 1722 2924 Saramannus
1779 2875 2090 2945 prepositus

250 2956 567 3026 subscripsi.
622 2957 919 3009 Autbertus
970 2961 1256 3031 presbyter
1306 2962 1485 3012 subse.
1532 2962 1778 3012 Azaneus
1829 2962 2089 3014 diaconus

249 3043 426 3093 subse.
483 3044 814 3096 Gislemarus
857 3047 1116 3099 accolitus
1160 3049 1339 3099 subsc.
1405 3049 1673 3101 Gislarius
1723 3050 2088 3102 subdiaconus

249 3131 426 3181 subse.
468 3132 695 3201 Signum
730 3136 766 3201 1-
803 3135 1086 3186 Nautfredi
1139 3137 1362 3187 Judicis.
1406 3138 1634 3209 Signum
1670 3141 1706 3207 1*
1744 3139 1984 3191 Cervini.
2027 3142 2082 3192 S.

247 3219 294 3285 [3
324 3220 505 3287 nones).
542 3222 596 3270 S.
630 3222 666 3287 ζ*
702 3222 1022 3273 Restoduni.
1067 3222 1154 3274 S.¹
1191 3226 1239 3292 (ζ)
1268 3227 1450 3293 nones-J.

308 3346 345 3384 1.
387 3346 464 3385 Ces
487 3339 600 3385 trois
623 3359 750 3386 nones
789 3345 842 3388 de
869 3347 1152 3403 signatac‘res
1178 3363 1223 3390 se
1250 3355 1503 3391 retroni-eut
1532 3350 1641 3409 plus
1685 3351 1798 3393 haut
1823 3351 1979 3410 parmi
2023 3349 2084 3391 [rs

247 3411 364 3464 neus
379 3408 534 3451 colons
553 3411 696 3465 jure's.
