2259 3692
959 152 1220 200 ..(50.-

170 288 251 328 θεῖ
274 288 397 328 tuus
423 277 678 348 proprius
702 277 723 328 P
746 309 817 314 ——
842 279 993 329 Unus
1020 297 1170 328 meus
1198 278 1372 329 aldius
1399 280 1762 349 apprehendit
1788 282 2012 333 Mariam

167 376 312 416 tuam
340 364 535 416 aldiam
562 375 614 415 et
646 364 772 415 fecit
798 364 1079 415 mundium
1108 365 1173 417 de
1200 386 1280 427 ea,
1310 377 1362 417 et
1395 378 1519 438 post
1545 387 1609 418 ex
1634 388 1696 419 ea
1721 368 1821 420 suit
1855 380 2012 421 natus

168 453 276 504 ille.
307 486 379 491 ——-
404 452 688 524 Approbet
714 452 1016 524 appellatus
1051 454 1127 504 sic
1153 474 1290 517 esse,
1323 466 1412 507 aut
1445 455 1655 526 perdat.

168 717 235 764 ΝΟ
260 720 354 767 52.
396 716 693 765 Alie'nation
733 716 1090 767 (I'immeuhles
1119 737 1224 785 par
1264 718 1309 768 Ia,
1338 718 1582 768 tradition
1622 720 1683 769 cle
1727 720 1773 769 la
1816 722 2008 771 charte.

232 798 445 846 Formes
477 797 780 846 solennelles
821 798 1174 848 cl'invesliture
1201 806 1247 848 el
1287 799 1348 848 (Ie
1388 797 1882 868 cle-(suerpissement,
1910 803 2017 851 sui-

236 885 353 928 vant
380 878 451 927 les
476 878 703 928 diverses
732 879 823 927 lois
849 879 1102 947 sl'orifsine
1133 881 1247 945 (ΧΙρ
1271 880 1462 947 siecle).

170 1048 366 1097 Cartul.
412 1049 640 1114 Langob.
685 1058 738 1097 n⁰
765 1053 792 1097 2
835 1050 1066 1098 Monum.
1104 1051 1279 1098 Germ.
1325 1052 1446 1115 Leg.
1496 1052 1592 1116 (ed.
1639 1053 1890 1119 Boretius)
1924 1056 2009 1114 lv,

993 1133 1105 1191 595,
1142 1135 1185 1178 1.

533 1301 775 1353 Traditio
801 1302 1130 1353 venditionis
1159 1323 1278 1353 cum
1307 1303 1642 1354 defensione.

241 1428 493 1489 Martine,
529 1428 683 1478 trade
716 1448 813 1499 per
853 1429 991 1479 hanc
1032 1449 1415 1501 pergamenam
1451 1441 1651 1480 cartam
1684 1431 2015 1483 venditionis

168 1517 267 1567 sub
294 1516 458 1587 dupla
484 1516 801 1567 defensione
829 1517 894 1567 de
920 1517 1065 1588 petia
1091 1538 1197 1568 una
1224 1518 1288 1568 de
1315 1529 1460 1569 terra
1485 1539 1620 1589 quae
1647 1530 1727 1569 θεῖ
1752 1520 1830 1570 tui
1859 1520 2011 1581 iuris,

167 1625 270 1676 que
299 1615 379 1655 est
414 1605 468 1655 in
502 1605 596 1655 tali
630 1605 770 1666 loco,
803 1626 906 1676 que
942 1617 1022 1656 θεῖ
1055 1626 1152 1676 per
1187 1627 1494 1657 mensuram
1523 1617 1731 1657 tantum
1767 1618 1819 1658 et
1852 1608 2017 1659 habet

167 1693 508 1744 coherentias
545 1693 680 1744 tales
719 1694 785 1744 ad
820 1695 1134 1754 Iohannem,
1167 1695 1314 1765 quod
1347 1694 1545 1745 dehinc
1581 1695 1797 1746 inantea
1831 1716 1856 1746 a
1891 1717 2017 1766 pre-

170 1782 311 1832 senti
345 1781 430 1832 die
467 1782 832 1852 proprietario
868 1783 1085 1833 nomine
1124 1782 1281 1833 faciat
1316 1784 1430 1853 ipse
1466 1794 1517 1833 et.
1553 1783 1634 1833 sui
1668 1784 1899 1835 heredes
1927 1796 2016 1835 aut

168 1871 254 1920 cui
282 1870 385 1940 ipsi
413 1870 666 1921 dederint
687 1871 949 1941 quicquid
973 1871 1245 1921 voluerint
1273 1871 1388 1921 sinc.
1410 1872 1554 1921 omni
1583 1872 2015 1924 contradictione

165 1969 255 2009 tua
283 1969 335 2008 et
367 1969 582 2009 tuorum
615 1959 896 2009 heredum.
931 1961 995 2009 Et
1030 1960 1252 2030 insuper
1279 1960 1521 2030 csponde
1546 1971 1618 2019 tc,
1649 1980 1741 2010 vos
1769 1961 1834 2011 ab
1870 1961 2016 2012 omni

165 2047 384 2097 homine
419 2046 731 2109 desensare3
783 2047 978 2118 quodsi
1013 2047 1306 2098 defendere
1348 2068 1456 2098 non
1500 2048 1808 2118 potueritis,
1848 2060 1938 2100 aut
1972 2050 2016 2100 si

166 2155 258 2185 vos
301 2135 506 2206 aliquid
555 2156 651 2206 per
695 2135 921 2206 quodvis
965 2136 1244 2207 ingenium
1288 2136 1608 2186 subtrahere
1646 2137 2010 2206 quaesieritiS,

167 2234 295 2273 tunc
330 2224 384 2273 in
418 2223 643 2294 duplum
686 2224 792 2274 illis
837 2224 1063 2274 candem
1111 2224 1480 2274 venditionem
1517 2225 1836 2285 restituatiffi
1877 2225 2016 2276 sicut

167 2331 266 2382 pro
292 2323 537 2383 tempore
566 2312 728 2363 suerit
754 2312 1034 2362 meliorata
1061 2323 1150 2362 aut
1175 2312 1403 2362 valuerit
1433 2313 1532 2362 sub
1560 2313 1932 2363 aestimatione
1960 2314 2014 2363 in

168 2401 437 2451 consimili
464 2401 601 2451 loco.
626 2401 864 2451 ——Dicis
890 2401 962 2451 ita
982 2402 1002 2451 ἶ)
1020 2434 1091 2438 -
1117 2400 1272 2451 Dico.
1297 2433 1368 2438 —
1396 2401 1485 2452 Sic
1511 2400 1664 2451 trade
1692 2401 1741 2451 ei
1764 2399 1775 2424 ¹
1803 2401 1869 2452 ad
1894 2421 2014 2472 pro-

168 2489 346 2560 prium
395 2500 447 2539 θῖ
491 2489 616 2539 huic
658 2489 870 2540 notario
921 2489 987 2539 ad
1038 2488 1404 2539 scribendum.
1447 2522 1518 2526 ———
1552 2490 1729 2539 Habes
1772 2490 2015 2560 precium

169 2578 307 2628 iusta
357 2579 600 2629 cartam?
640 2611 712 2615 ——
758 2578 962 2628 Habeo.
1001 2611 1072 2614 —
1108 2577 1208 2627 Dic
1248 2598 1257 2627 :
1307 2599 1330 2623 ‹<
1376 2587 1519 2627 totos
1559 2597 1652 2627 vos
1701 2576 2014 2649 rogo²tan-

169 2686 297 2737 gere
338 2689 381 2716 ».
424 2667 479 2718 Si
516 2677 597 2716 est.
632 2668 925 2725 Romanus,
965 2665 1213 2715 similiter
1248 2665 1332 2715 dic
1365 2686 1373 2714 :
1417 2665 1512 2715 scd
1546 2665 1589 2714 si
1622 2675 1703 2715 θεῖ
1740 2665 2008 2725 Salichus,

170 2755 213 2804 si
261 2765 342 2804 θεῖ
394 2755 718 2814 Roboarius7
765 2754 807 2804 si
858 2765 937 2804 θεῖ
987 2755 1245 2812 Francus,
1293 2753 1336 2803 si
1387 2763 1467 2803 est
1509 2753 1720 2804 Gothus
1763 2753 1846 2803 vel
1887 2752 2014 2804 Ala-

169 2863 396 2894 mannus
445 2843 694 2893 venditor
741 2863 748 2891 :
799 2865 823 2890 «
876 2862 1018 2912 pone
1069 2841 1325 2891 cartulam
1375 2841 1430 2891 in
1484 2851 1703 2901 terram,
1750 2851 1802 2891 et.
1851 2861 2013 2912 super

169 2942 368 2982 cartam
425 2931 576 2981 mitte
622 2930 926 2989 cultellum,
981 2929 1241 2980 festucam
1295 2940 1559 2989 notatam,
1610 2939 1919 2980 wantonem
1961 2939 2013 2979 et

167 3039 441 3071 wasonem
475 3030 651 3069 terrae
687 3029 739 3068 et
765 3038 971 3068 ramum
1007 3017 1216 3068 arboris
1251 3028 1303 3067 et
1339 3017 1778 3068 atramentarium
1816 3039 1840 3065 ))
1871 3027 1923 3067 θῖ
1958 3017 2012 3066 in

169 3108 466 3158 Alamanna
490 3106 818 3166 wandilanc,
850 3116 902 3156 θῖ
936 3105 1076 3156 levet
1103 3105 1168 3156 de
1194 3116 1357 3165 terra,
1391 3116 1442 3155 et
1468 3126 1530 3155 eo
1559 3116 1758 3156 cartam
1791 3114 2011 3155 tenente

233 3317 270 3354 l.
308 3315 472 3373 Sustpl.
503 3321 691 3355 cartam.

230 3382 269 3421 2.
307 3381 461 3422 Pas-cie
490 3379 550 3422 du
578 3377 852 3421 cereneont'al
879 3379 1074 3419 'columbe
1101 3393 1115 3417 e
1146 3379 1326 3434 rogatio
1357 3377 1534 3420 testium
1571 3394 1606 3417 ».
