2259 3692
971 150 1228 201 ..23—

181 274 345 334 venit,
393 274 535 325 unde
581 274 776 326 livores
820 276 902 327 vel
939 274 1311 347 capulaturas¹
1351 287 1511 348 atque
1561 277 1803 348 colaphis
1851 276 2023 327 mani-

183 361 316 413 seste
345 373 625 433 apparent.
659 363 787 414 Ideo
821 364 1040 425 etenim,
1078 364 1203 416 dum
1232 365 1307 416 sic
1336 365 1531 416 veritas
1568 366 2017 436 conprobaretur,

181 450 402 500 veniens
429 450 531 501 iam
553 450 728 502 dictus
756 451 846 502 ille
866 452 1260 523 adprehensam
1281 473 1495 504 manum
1515 453 1597 503 vel
1625 472 1768 503 arma
1788 452 2023 523 predicti

183 537 397 599 iudicis,
451 538 588 589 sicut
631 559 744 590 mos
787 551 886 599 est,
933 540 1076 611 apud
1123 541 1371 592 homines
1403 542 1486 601 12,
1527 560 1686 591 manu
1728 561 1821 591 sua
1863 541 2022 591 tertia

184 626 409 687 decima,
463 626 772 678 dextratus²
819 628 900 678 vel
951 628 1263 679 coniuratus
1314 629 1466 688 dixit,
1516 628 1680 699 quod,
1729 628 1855 678 dum
1905 628 2022 698 ipse

184 714 518 765 sollemniter
555 715 658 765 sibi
704 716 1030 776 ambulabat,
1081 717 1182 767 iam
1222 717 1398 768 dietus
1446 717 1535 767 illc
1582 715 1856 787 quondam
1903 736 2023 766 eum

184 802 322 852 malo
364 802 555 853 ordine
593 803 860 854 adsallivit
895 815 946 854 ct
985 805 1267 876 evaginato
1301 805 1483 877 gladio
1520 825 1681 875 super
1720 824 1842 855 eum
1874 804 2023 855 venit

183 900 235 941 et.
269 911 430 961 super
452 891 626 961 ipsum
648 891 842 943 livores
868 892 950 942 vel
980 893 1349 963 capulationes
1377 893 1523 943 misit
1556 904 1606 943 et
1628 913 1713 943 res
1750 913 1871 943 suas
1901 892 2022 943 illas

184 978 482 1049 cidiripere
502 979 669 1030 voluit
694 1002 704 1042 3
736 990 788 1030 et
807 990 1095 1051 postquam
1116 981 1244 1031 istas
1270 992 1554 1051 presentes
1576 981 1771 1032 livores
1792 981 2019 1051 recepit,

183 1067 505 1118 necessitate
555 1068 847 1138 conpulsus
890 1069 1066 1138 ipsum
1101 1069 1331 1139 placavit
1350 1068 1384 1129 3,
1432 1090 1529 1139 per
1578 1090 1738 1140 quem
1780 1079 2024 1120 mortuus

183 1155 354 1217 iacet3
407 1165 458 1205 et
491 1155 545 1205 in
582 1176 675 1206 sua
708 1166 823 1206 orta
857 1157 1207 1207 contentione
1248 1157 1330 1207 vel
1366 1157 1420 1206 in
1465 1177 1557 1207 sua
1598 1155 1830 1208 movita⁸
1863 1168 2024 1227 atque

182 1263 279 1313 per
327 1263 446 1293 suas
482 1243 665 1313 culpas
712 1243 914 1293 ibidem
963 1243 1282 1294 interfectus
1325 1244 1460 1306 fuit,
1513 1255 1565 1294 et
1599 1245 1675 1295 sic
1716 1255 1797 1294 est
1829 1245 2025 1295 veritas

183 1331 386 1402 absque
421 1331 527 1381 ulla
562 1330 749 1382 fraude
786 1331 869 1382 vel
906 1331 1181 1392 conludio,
1223 1342 1275 1382 et
1314 1332 1367 1382 in
1407 1353 1500 1383 sua
1535 1332 1692 1403 culpa
1727 1332 2026 1383 secundum

182 1418 358 1491 legem
399 1419 576 1490 ipsum
625 1418 1034 1470 ferrobattudo5
1084 1419 1228 1471 fecit.
1270 1420 1507 1472 Proinde
1550 1431 1881 1491 oportunum
1927 1420 2028 1472 fuit

182 1507 353 1578 ipsius
388 1507 485 1569 illi,
516 1518 573 1559 ut
606 1508 745 1559 hane
773 1508 1020 1559 notitiam
1055 1509 1122 1560 ad
1156 1509 1325 1560 instar
1352 1509 1632 1560 relationis
1661 1509 1856 1560 exinde
1884 1510 2026 1560 acci-

182 1615 311 1666 pere
340 1595 599 1659 deberet3
639 1597 786 1667 quod
821 1597 892 1648 ita
935 1608 987 1647 et
1030 1596 1176 1647 fecit.
1219 1597 1328 1649 Sed
1355 1608 1544 1668 postea
1577 1618 1704 1648 vero
1746 1597 1928 1648 taliter
1971 1598 2025 1648 in

183 1683 286 1735 iam
328 1683 473 1735 dicto
520 1685 640 1735 1000
681 1685 851 1756 ipsius
902 1685 982 1736 illi
1023 1685 1321 1736 iudicatum
1364 1685 1482 1746 fuit,
1531 1696 1587 1736 ut
1630 1686 1684 1736 in
1728 1697 1915 1736 noctes
1959 1686 2024 1736 40

184 1772 327 1843 apud
367 1772 615 1823 homines
653 1774 736 1833 36,
783 1793 942 1824 manu
984 1794 1077 1824 sua
1116 1774 1395 1846 trigesima
1446 1774 1692 1844 septima,
1742 1775 1845 1824 iam
1881 1774 2026 1824 dicto

184 1860 277 1911 illo
334 1860 606 1931 quondam
656 1861 710 1911 in
768 1862 995 1912 ecclesia
1052 1862 1160 1923 illa,
1222 1862 1276 1912 in
1334 1862 1453 1912 1000
1510 1873 1859 1932 nuncupante
1909 1862 2022 1922 illo,

185 1949 469 2000 coniurare
512 1949 706 2000 debeat
756 1950 898 2020 apud
942 1950 1189 2001 homines
1235 1951 1439 2000 visores
1487 1961 1539 2000 et
1586 1951 1918 2022 cognitores,
1963 1971 2026 2001 eo

186 2037 332 2108 quod
373 2037 463 2088 ille
507 2037 779 2108 quondam
820 2038 956 2088 male
991 2038 1181 2088 ordine
1226 2059 1389 2109 super
1431 2059 1552 2089 eum
1577 2039 1815 2089 venisset
1848 2050 1900 2089 et
1942 2060 2027 2090 res

187 2145 308 2176 suas
351 2125 399 2175 ei
434 2125 806 2176 contendisset
846 2126 928 2176 vel
961 2127 1213 2196 primitus
1257 2127 1434 2197 ipsum
1468 2127 1736 2197 placasset
1776 2127 1859 2178 vel
1893 2127 2028 2178 livo—

187 2224 358 2264 rasset
392 2223 444 2263 et
483 2213 661 2283 ipsum
698 2214 753 2263 in
790 2214 872 2264 via
911 2214 1215 2265 adsallisset
1251 2215 1334 2265 vel
1372 2215 1702 2275 insidiasset,
1747 2226 1799 2265 et
1836 2215 1889 2265 in
1937 2236 2030 2266 sua

188 2302 383 2352 movita
431 2302 513 2352 vel
556 2302 610 2352 in
652 2322 745 2352 sua
781 2302 936 2373 culpa
978 2302 1180 2353 ibidem
1215 2302 1534 2353 interfectus
1579 2302 1770 2353 fuisset
1788 2302 1821 2354 ⁶.
1880 2305 1944 2353 Et
1986 2304 2027 2354 si

187 2390 289 2440 hoc
324 2389 499 2440 facere
533 2390 791 2460 potuerit,
833 2390 897 2440 de
940 2390 1055 2461 ipsa
1089 2401 1261 2441 morte
1303 2391 1518 2461 quietus
1551 2391 1723 2442 valeat
1764 2391 2025 2442 residere.

246 2553 281 2593 1.
322 2551 672 2593 inecaret-&sures
698 2552 832 2608 (resch
857 2551 977 2594 dans
1005 2552 1042 2593 le
1068 2560 1158 2594 mot
1186 2551 1526 2611 cltappelures).

246 2619 283 2658 2.
323 2616 458 2658 Dela
487 2618 609 2659 main
643 2618 821 2673 gauclze
861 2617 896 2659 il
929 2618 1088 2660 tenelle
1126 2617 1259 2677 l'e'pe'e
1297 2633 1354 2659 on
1389 2617 1426 2659 le
1465 2619 1674 2659 retentent
1699 2616 1761 2658 du
1788 2616 1939 2673 judea?
1972 2626 2025 2664 et,

187 2683 368 2724 suivant
396 2682 595 2739 Gengler,
620 2686 761 2725 Germ.
786 2684 986 2737 Denkm„
1013 2699 1058 2741 p.
1091 2686 1187 2739 740,
1211 2691 1312 2725 note
1336 2686 1404 2731 22,
1429 2682 1465 2724 c'l
1486 2683 1632 2725 donne
1657 2682 1702 2724 la
1730 2683 1854 2725 main
1883 2682 2030 2725 (lt-otte

189 2751 216 2791 ἀ
241 2748 332 2790 l'un
362 2748 440 2790 cles
473 2766 485 2786 ι
518 2752 752 2806 cojnrezcrs
783 2767 798 2788 ›>
831 2751 911 2807 qni
937 2751 1048 2791 cient
1081 2750 1214 2791 (tussi
1247 2749 1310 2790 les
1343 2756 1498 2791 autres
1531 2764 1621 2807 par
1654 2748 1700 2790 la
1732 2749 1875 2790 maim
1898 2748 1941 2790 Il
1966 2765 2030 2790 nee

186 2814 349 2873 parait
371 2814 479 2873 plus
507 2822 639 2856 eoeacc
668 2815 722 2856 cle
751 2814 1044 2873 comprenclre
1072 2817 1327 2863 dextratas,
1357 2816 1449 2857 soit
1472 2815 1592 2857 dans
1620 2815 1657 2856 le
1683 2830 1785 2856 sens
1806 2814 1866 2857 clu
1893 2833 1907 2854 «
1931 2831 2029 2857 cum

192 2880 381 2923 dextera
414 2888 597 2922 armata
630 2897 645 2920 »
677 2880 731 2921 de
760 2880 805 2922 la
838 2884 882 2921 L.
911 2881 1017 2923 inb.
1047 2897 1199 2928 xxxin,
1233 2884 1270 2927 1,
1314 2881 1490 2922 0.-(ὶ-(Ῐ.
1541 2899 1555 2919 α
1596 2888 1753 2923 tenant
1791 2896 1871 2923 son
1909 2897 2031 2923 arnae

192 2947 312 2988 dans
337 2946 383 2988 [ιι
412 2946 558 2988 (lroc'te
591 2966 605 2986 υ
635 2947 743 3001 soit,
769 2946 878 3005 plus
903 2946 1203 3005 silnplement,
1236 2962 1338 2988 arec
1372 2946 1409 2988 le
1447 2963 1549 2988 sens
1592 2947 1645 2988 de
1689 2965 1704 2986 «
1745 2947 1961 2989 e'tendant
1986 2947 2031 2990 Ia

192 3012 341 3055 clroite
373 3030 390 3052 »
421 3020 459 3054 et
478 3015 660 3069 jurant.

250 3081 291 3121 3.
327 3081 453 3120 Pom·
479 3079 682 3134 plagavit
708 3077 890 3137 (plaic).

251 3146 291 3188 4.
328 3147 456 3186 Dans
483 3160 536 3186 sa
560 3159 727 3203 propre
756 3152 946 3202 attaqne
975 3147 1161 3193 (novere,
1190 3147 1249 3199 fi'·
1279 3145 1457 3201 mente).

250 3213 291 3252 5.
329 3214 418 3252 Sur
446 3229 461 3248 «
491 3211 701 3266 formata
736 3229 769 3257 ο,
801 3211 960 3252 voit-110
988 3213 1056 3253 32.

251 3280 291 3320 6.
333 3279 385 3317 Le
403 3279 633 3333 jugement
659 3279 718 3323 (et
746 3277 879 3319 aussi
904 3276 941 3317 la
972 3294 986 3314 «
1019 3284 1212 3336 rapport
1243 3295 1278 3333 ν,
1311 3279 1493 3321 relatio}
1522 3279 1761 3337 reprodccit
1789 3277 1836 3320 la
1874 3276 2029 3319 de'clcz-

194 3343 344 3385 ration
374 3342 427 3384 de
455 3342 682 3402 l'c‘nculpe',
715 3343 854 3385 theme
882 3342 935 3384 cle
963 3342 1007 3384 la
1034 3358 1192 3401 preme
1220 3344 1246 3385 (ὶ
1272 3345 1464 3399 som-nir.
1808 3339 1810 3342 ’
