2259 3692
1066 192 1357 244 -136-

228 366 231 367 γ
290 323 520 383 flaverit,
552 332 605 372 et
631 322 685 372 in
720 340 870 372 suam
896 330 1221 391 potestatem
1255 319 1395 370 malo
1430 319 1622 370 ordine
1656 319 1951 391 redegerit,
1991 321 2134 373 unde

289 431 344 462 se
371 431 467 482 per
502 410 810 461 arramitam
844 408 1092 460 Almonis
1128 408 1192 459 de
1228 407 1571 458 removendis
1599 408 1847 480 legaliter
1883 408 2134 461 adfirma-

286 499 387 561 vit3
425 499 611 569 sicque
647 498 762 568 ipse
792 497 1101 569 Sigibertus
1127 516 1341 547 eausam
1367 496 1829 566 praesumptionis
1853 507 1905 547 et
1938 497 2133 568 iniqui-

285 587 411 637 tatis
439 586 506 637 ad
538 605 798 657 praesens
834 605 1033 656 negare
1062 604 1170 635 non
1195 584 1398 643 valens,
1431 603 1613 634 eoram
1636 584 1888 635 omnibus
1917 585 2132 636 confes-

288 695 376 726 sus
413 685 495 726 est
531 675 692 744 hujus
738 673 881 724 modi
922 671 1391 743 interprisionem¹
1439 682 1490 722 et
1534 673 2033 743 praesumptionem
2079 675 2134 724 in

288 763 540 813 omnibus
594 782 711 813 esse
758 782 966 824 veram;
1020 760 1164 812 unde
1202 760 1410 831 judicio
1461 760 1866 831 praedictorum
1918 761 2133 813 vadium

290 871 444 902 suum
478 850 726 922 legaliter
754 849 922 900 dedit.

364 940 617 990 Ceterum
646 958 773 988 vero
799 938 1021 988 tertium
1056 937 1227 987 isdem
1265 937 1573 1007 Sigibertus
1612 957 1636 987 a
1673 936 1916 1007 praefato
1954 937 2134 989 Advo-

289 1037 406 1078 cato
443 1026 646 1077 ibidem
681 1026 1059 1096 interpellatus
1103 1036 1183 1075 est
1226 1025 1291 1075 de
1326 1025 1621 1075 emunitate
1667 1026 1838 1076 sancti
1884 1012 2135 1078 Mauri'cii

288 1135 352 1166 ex
401 1113 622 1165 Alausio
668 1114 813 1173 villa,
864 1113 1010 1183 quod
1045 1114 1098 1163 in
1151 1133 1267 1163 eam
1296 1113 1524 1183 jubente
1574 1123 1626 1163 et
1672 1113 1993 1164 amandante
2040 1114 2133 1165 illo

287 1203 449 1254 liberi
486 1212 538 1252 et
573 1202 711 1251 servi
737 1201 1004 1260 venirent,
1043 1211 1101 1250 ut
1136 1200 1379 1251 eamdem
1418 1201 1769 1251 emunitatem
1815 1201 2134 1253 invaderent

288 1301 340 1342 et
366 1289 752 1360 exspoliarent,
783 1289 967 1338 vinum
1009 1299 1061 1338 ct
1095 1308 1365 1338 annonam
1401 1287 1527 1338 inde
1563 1289 1618 1338 in
1654 1308 1801 1338 suam
1843 1309 2133 1360 expensam

287 1389 340 1430 et
366 1398 494 1428 usus
528 1377 912 1448 perducerent,
944 1377 1147 1447 pariter
1182 1377 1236 1426 in
1264 1377 1381 1447 ipsa
1405 1376 1531 1426 villa
1554 1377 1868 1427 incendium
1896 1377 2136 1429 facerent

291 1466 430 1517 malo
465 1465 656 1515 ordine
685 1475 873 1515 contra
902 1464 1105 1537 legem,
1145 1464 1288 1515 unde
1325 1484 1380 1514 se
1413 1484 1511 1535 per
1546 1466 1853 1515 arramitam
1887 1465 2134 1516 Annonis

288 1554 537 1626 legaliter
591 1553 656 1604 de
702 1553 1045 1603 removendis
1093 1552 1412 1613 adfirmavit,
1464 1564 1516 1603 et
1560 1574 1657 1624 per
1707 1554 1876 1624 ipsius
1918 1574 2134 1605 manum

289 1662 508 1693 suumve
547 1639 1015 1711 reditum⁶j1u·are
1054 1642 1332 1712 promisit:
1376 1662 1535 1712 quam
1574 1662 1788 1692 causam
1826 1643 2133 1715 Sigibertus

290 1731 344 1781 in
372 1731 623 1781 omnibus
652 1730 957 1802 denegavit,
998 1741 1049 1780 et
1075 1750 1172 1801 per
1207 1731 1514 1781 arramitam
1552 1732 1894 1782 Gauceranni
1928 1732 2134 1802 promi-

289 1819 356 1870 sit
383 1818 450 1869 ad
483 1818 741 1889 placitum
771 1839 825 1868 se
855 1821 1182 1889 juraturum,
1222 1829 1280 1869 ut
1315 1839 1377 1869 eo
1405 1818 1693 1869 mandante
1734 1819 1914 1869 nullus
1960 1820 2135 1870 homi-

288 1927 416 1958 num
461 1906 705 1957 eamdem
749 1907 930 1957 villam
981 1907 1315 1977 exspoliarit,
1357 1918 1445 1958 aut
1489 1908 1542 1957 in
1597 1927 1656 1957 ea
1700 1907 2013 1958 incendium
2047 1918 2136 1958 aut

288 1994 584 2065 quidquam
624 1995 750 2045 mali
778 1993 987 2055 fecerit,
1021 1995 1167 2065 quod
1205 2016 1301 2066 per
1341 1995 1516 2067 legem
1556 1995 1846 2046 emendare
1886 1995 2130 2057 deberet,

285 2103 384 2153 pro
412 2103 515 2153 qua
541 2102 598 2133 re
635 2083 720 2133 cui
749 2103 963 2153 semper
998 2083 1147 2153 larga
1173 2085 1346 2153 pietas
1375 2084 1754 2134 Ecclesiastica
1784 2104 1976 2134 cavens
2009 2105 2132 2155 pru-

287 2171 478 2221 denter
512 2171 816 2241 periculum
851 2191 1109 2241 praesens
1157 2171 1411 2222 indulsit²
1460 2182 1855 2222 sacramentum
1890 2173 2133 2244 roganti-

286 2259 386 2309 bus
413 2258 633 2329 quidem
657 2259 815 2309 bonis
849 2259 1185 2319 hominibus,
1218 2270 1270 2310 et
1297 2260 1679 2331 religiosorum
1703 2260 1942 2310 virorum
1971 2261 2131 2310 inter-

286 2347 631 2397 venientibus
663 2347 939 2417 precibus,
972 2358 1023 2397 et
1046 2367 1144 2417 pro
1169 2348 1446 2398 invasione
1470 2358 1522 2398 et
1549 2347 1872 2399 infractione
1908 2348 2134 2399 duarum

287 2434 688 2506 praedictarum
722 2436 1097 2496 emunitatum,
1127 2435 1272 2486 unde
1309 2435 1619 2486 confitendo
1661 2437 1776 2507 ipse
1827 2437 2135 2509 Sigibertus

287 2522 472 2573 vadios
499 2542 598 2594 pro
634 2524 886 2574 omnibus
918 2523 1086 2585 dedit,
1116 2544 1180 2574 ex
1211 2524 1358 2574 omni
1386 2524 1580 2575 multa⁰
1612 2525 1853 2575 remissis
1888 2526 2134 2595 partibus

286 2611 462 2662 tribus
497 2622 742 2682 quartam
768 2622 980 2682 partem
1016 2612 1386 2663 continentem
1426 2612 1629 2663 solidos
1669 2611 1833 2664 CCC3
1859 2633 1955 2684 per
2000 2612 2135 2664 fide-

282 2699 584 2769 jussionem
639 2699 849 2760 Erlulfi,
908 2700 1158 2761 Gerardi,
1211 2701 1597 2761 Gautceranni,
1656 2711 1816 2771 atque
1863 2700 2130 2761 Annonis,

286 2788 546 2858 proximis
583 2787 700 2838 Kal.
741 2789 1020 2858 Septemb.
1061 2808 1116 2839 se
1159 2788 1463 2839 rediturum
1517 2799 1569 2839 et
1612 2789 1962 2859 impleturum
2004 2808 2132 2860 pro-

287 2875 433 2925 misit
464 2875 548 2925 his
583 2876 984 2945 praesentibus.

345 3006 390 3056 b)
429 3007 526 3048 Lis.
568 3021 701 3047 suum
743 3007 1004 3047 vereditum
1045 3008 1272 3063 (verdict),
1315 3007 1494 3050 c.-c‘c-cl.
1536 3009 1709 3066 promit
1751 3008 1804 3050 de
1850 3010 1978 3066 juret·
2020 3008 2135 3066 qu'il

288 3071 436 3114 disac‘c
463 3073 575 3114 wrac'.
604 3096 662 3104 —
688 3074 724 3128 e)
752 3073 842 3114 Lis.
876 3073 1061 3114 mulcta.

348 3156 386 3194 1.
422 3154 699 3212 Entreprise,
732 3152 907 3195 caia-d,
938 3153 984 3195 la
1013 3154 1233 3197 violatc'on,
1262 3155 1325 3197 clu
1353 3155 1594 3196 tem-itoire.

345 3222 385 3260 2.
427 3221 490 3260 On
519 3234 813 3278 remarquera
838 3235 922 3277 que
950 3220 1056 3262 c'est
1079 3221 1116 3262 le
1145 3221 1429 3263 denumdeur
1455 3228 1496 3262 et
1521 3238 1608 3263 uon
1638 3221 1675 3263 le
1703 3221 1913 3264 tribunal
1938 3222 2019 3281 qni
2041 3222 2135 3276 fait

286 3286 313 3326 (ὶ
339 3284 555 3345 l'c'nczclpe'
582 3285 627 3327 la
652 3286 811 3327 remise
837 3285 891 3327 (le
918 3302 972 3328 sa
997 3303 1175 3345 prelum.

345 3354 386 3393 3.
424 3351 641 3407 25'c'3‘(¹l)el·t,
675 3352 940 3405 cozwainczc,
973 3352 1122 3395 demit
1150 3371 1199 3395 en
1228 3357 1324 3411 effcl
1350 3370 1493 3412 [uc-vet·
1516 3357 1646 3408 1,200
1673 3370 1783 3396 sous
1803 3353 1915 3406 (l'or,
1940 3354 2029 3395 soit
2050 3356 2132 3396 600

288 3430 376 3473 ραι·
402 3416 577 3474 chaque
606 3418 827 3459 terranis-e
854 3417 1165 3462 immmeaaire
1197 3439 1211 3461 ε(
1243 3421 1434 3477 custeint
1462 3438 1494 3461 ι).
