2259 3692
1043 185 1334 234 —127—

270 487 335 532 Ν0
360 490 454 536 93.
495 483 820 549 De'positions
846 480 1027 530 e'crites
1071 477 1423 543 (conditiones)
1464 476 1525 525 cle
1553 479 1762 526 te'moins
1788 481 2104 544 prononcees

452 581 569 612 sous
593 569 817 612 serment
843 580 903 611 en
927 563 1106 609 Se'ance
1120 558 1424 625 J'udiciaire.
1458 559 1577 623 (An.
1607 561 1717 618 858,
1747 560 1955 625 5juin.)

726 740 860 788 Hist.
890 739 951 786 de
977 736 1260 801 Langued.‚
1289 742 1329 784 t.
1359 736 1422 795 II,
1453 743 1507 783 n⁰
1537 737 1645 784 150.

343 921 697 974 Conditiones
743 929 1199 971 sacramentorum
1247 918 1312 969 ad
1360 938 1491 989 quas
1538 938 1602 969 ex
1639 917 1981 969 ordinatione
2021 918 2107 970 Ri-

269 1010 480 1061 chelmo
512 1008 828 1059 vicecomite
861 1008 969 1057 sive
1004 1017 1056 1057 et
1090 1007 1156 1057 de
1194 1006 1406 1077 judices
1450 1007 1542 1077 qui
1578 1006 1717 1076 jussi
1756 1016 1879 1056 sunt
1920 1025 2106 1066 causas

269 1098 523 1148 dirimere
549 1096 630 1147 vel
665 1095 930 1166 judicare,
974 1095 1028 1146 id
1066 1105 1147 1145 est
1187 1095 1548 1155 Suniemirus,
1594 1094 1896 1154 Savaricus‚
1941 1093 2104 1165 Arge-

269 1186 481 1245 madus,
541 1185 823 1245 Furrutio,
881 1183 1247 1254 Radepertus,
1301 1183 1660 1243 Ermemirus,
1713 1182 2102 1244 Inulvilardus,

269 1274 518 1333 Albarus,
555 1273 887 1325 Vuittericus
917 1270 1180 1341 judicum,
1222 1270 1518 1322 Godeforte
1562 1271 1745 1321 saione
1788 1281 1840 1321 et
1881 1270 2107 1321 aliorum

271 1361 561 1411 multorum
605 1360 884 1410 hominum
930 1359 1237 1430 praesentia
1273 1361 1458 1428 jurant
1497 1369 1663 1409 testes
1713 1359 1923 1429 prolata
1973 1378 2107 1429 quos

270 1448 476 1519 profert
505 1448 819 1499 Recemirus
855 1442 914 1498 in*
946 1446 1134 1497 faciem
1171 1447 1425 1497 Daniheli
1453 1448 1544 1517 qui
1577 1456 1658 1496 est
1692 1446 1981 1497 advocatus
2007 1467 2107 1517 pro

270 1536 472 1605 scripto
507 1534 790 1585 Richelmo
817 1535 1133 1585 vicecomite
1178 1554 1277 1604 pro
1315 1554 1475 1584 causa
1520 1534 1665 1584 unde
1713 1534 1943 1585 intentio
1987 1554 2107 1585 ver-

268 1624 400 1673 titur
426 1623 567 1672 inter
595 1641 705 1682 eos,
738 1632 790 1672 et
816 1622 1035 1672 nomina
1068 1623 1288 1672 testium
1314 1622 1414 1672 hec
1449 1632 1591 1682 sunt,
1631 1621 1685 1672 id
1718 1632 1799 1673 est
1833 1621 2104 1683 Tutfldus,

268 1710 462 1770 Jobila‚
483 1709 762 1770 Amabilis,
785 1710 1136 1780 Pomponius,
1160 1709 1526 1770 SesenandUS,
1551 1710 1791 1771 Sanctio,
1812 1710 2103 1762 Firriolus:

272 1820 297 1847 «
333 1800 578 1849 Juramus
604 1798 657 1848 in
691 1798 880 1867 primis
906 1817 1004 1868 per
1031 1799 1204 1848 Deum
1236 1808 1445 1867 patrem
1480 1797 1908 1868 omnipotentem
1934 1808 1986 1848 et
2011 1818 2108 1868 per

271 1886 546 1937 Christum
580 1886 748 1936 filium
776 1887 890 1955 ejus
920 1888 1289 1956 Sanctumque
1328 1887 1610 1956 Spiritum,
1651 1886 1743 1957 qui
1782 1896 1863 1937 est
1901 1886 1956 1936 in
1996 1887 2108 1938 Tri-

270 1974 436 2024 nitate
463 1994 601 2024 unus
637 1984 688 2024 et
721 1994 880 2024 verus
908 1974 1060 2034 deUS,
1099 1975 1208 2024 sive
1244 1985 1295 2024 et
1330 1994 1427 2045 per
1462 1974 1720 2044 reliquias
1756 1975 1927 2025 sancti
1961 1976 2110 2026 Petri

270 2064 420 2131 cujus
449 2062 681 2112 baselica
705 2063 759 2112 in
778 2062 936 2112 vicho
957 2062 1144 2112 Helma
1167 2062 1389 2112 fundata
1415 2082 1532 2113 esse
1557 2062 1915 2134 dignoscitur,
1947 2082 2109 2133 super

268 2151 419 2219 cujus
469 2160 813 2200 sacrosancto
866 2150 1056 2201 altario
1108 2151 1204 2200 has
1247 2150 1589 2201 conditiones
1624 2151 1872 2201 manibus
1907 2151 2108 2201 nostris

268 2237 605 2288 continemus
631 2238 714 2288 vel
735 2238 970 2308 jurando
991 2239 1387 2310 contangimus‚
1414 2239 1539 2309 quia
1559 2258 1656 2289 nos
1672 2238 1918 2309 jamdicti
1942 2248 2109 2289 testes

268 2325 464 2375 scimus
499 2336 552 2376 et
590 2326 728 2376 bene
770 2326 824 2376 in
858 2327 1084 2377 veritate
1119 2337 1306 2377 notum
1341 2327 1602 2378 habemus
1650 2326 1715 2377 de
1758 2327 1902 2397 ipsas
1935 2337 2108 2378 terras

269 2413 360 2483 qui
388 2423 512 2463 sunt
539 2414 593 2464 in
620 2414 899 2464 territorio
934 2414 1238 2465 Helenense
1274 2414 1415 2465 infra
1446 2414 1580 2465 fines
1608 2425 1660 2464 et
1688 2414 2016 2485 adjacentias
2044 2414 2108 2465 dc

266 2500 391 2551 villa
447 2501 771 2562 Tresmalos,
832 2502 926 2552 ubi
981 2521 1078 2551 nos
1133 2512 1300 2552 testes
1355 2503 1724 2553 accessionem
1782 2502 2004 2553 fecimus
2056 2512 2108 2552 et

267 2588 497 2658 pedibus
533 2589 979 2640 circumdavimus
1007 2600 1058 2639 et
1086 2590 1332 2640 manibus
1359 2590 1749 2640 insinuavimus
1776 2590 1843 2641 ad
1871 2591 2109 2641 saionem

269 2676 623 2727 (sloddcsorte.
677 2679 743 2727 Et
788 2688 868 2727 est
913 2698 1052 2728 unus
1110 2698 1174 2728 ex
1231 2679 1362 2748 ipsis
1421 2679 1623 2749 campis
1666 2680 1818 2748 juxta
1864 2698 2109 2749 campum

268 2764 520 2815 Jabenari
562 2765 645 2815 vel
685 2767 835 2836 juxta
876 2786 1120 2836 campum
1166 2766 1460 2826 defensori,
1500 2776 1552 2816 et
1597 2766 1732 2816 alius
1776 2786 1994 2837 campus
2029 2776 2110 2816 est

263 2853 413 2921 juxta
448 2872 694 2923 campum
723 2854 973 2905 Santioni
1005 2854 1088 2905 vel
1114 2856 1265 2924 juxta
1300 2874 1546 2924 campum
1574 2853 1797 2915 Tutildi,
1829 2864 1882 2904 et
1906 2855 2107 2905 tercius

270 2958 488 3009 campus
522 2950 603 2991 est
638 2943 790 3010 juxta
824 2962 1071 3012 campum
1107 2942 1339 2992 Amabili
1373 2952 1425 2992 et
1471 2942 1722 2992 inlaterat
1764 2943 1819 2993 in
1864 2961 2110 3013 campum

272 3027 532 3088 Corbelli,
571 3038 624 3078 et
650 3039 874 3098 quartus
909 3048 1127 3100 campus
1163 3039 1243 3080 est
1276 3032 1429 3100 juxta
1463 3049 1709 3100 campum
1744 3029 2025 3080 Eldefonsi
2058 3039 2110 3079 et

271 3113 580 3165 consrontat
626 3115 681 3165 in
725 3136 971 3186 campum
1006 3117 1355 3178 Godcramni,
1406 3128 1459 3168 et
1505 3118 1726 3188 quintus
1777 3137 1996 3188 campus
2031 3127 2111 3168 est

265 3203 418 3271 juxta
457 3221 702 3273 campum
735 3202 984 3275 Argcrici
1019 3214 1071 3255 et
1113 3205 1398 3277 subjungit
1431 3205 1486 3255 in
1521 3224 1767 3276 campum
1805 3204 2105 3266 Eldesonsi,

271 3299 323 3338 et
351 3299 532 3340 sextus
563 3290 751 3341 ortalis
779 3301 860 3341 est
886 3293 1037 3362 juxta
1072 3302 1248 3344 ortum
1274 3292 1541 3365 Argei‘ici,
1570 3292 1820 3344 inlaterat
1846 3293 1900 3343 in
1934 3302 2110 3344 ortum

270 3376 353 3426 vel
399 3387 544 3428 terra
579 3379 884 3441 Truterici;
931 3379 1075 3430 unde
1112 3380 1399 3451 intemptio
1434 3391 1515 3432 est
1548 3381 1689 3431 inter
1723 3380 1969 3451 predicto
2005 3382 2110 3433 Re-
