2259 3692
928 116 1188 165 -99—

144 251 195 291 et
228 260 340 302 sua,
378 251 436 291 ut
469 240 598 302 dixi,
629 240 883 311 repetitio
917 240 1124 290 nullum
1152 239 1403 291 effectum
1437 242 1697 294 obtineat.
1737 244 1979 295 Obsecro

143 338 319 378 autem
352 328 407 378 in
434 328 686 389 Domino,
725 338 777 378 ct
807 338 1033 398 propter
1065 327 1377 389 Dominum,
1415 340 1574 399 atquc
1610 330 1850 382 detestor
1882 352 1980 402 per

140 415 301 465 vitam
336 426 609 466 aeternam
643 415 867 487 gloriae,
908 435 1093 465 omncs
1128 426 1396 485 quotquot
1423 416 1587 467 saturi
1625 430 1749 468 sunt
1775 430 1975 489 patreS,

141 502 254 552 siue
288 502 558 573 praelatos
600 502 827 574 praefati
863 502 1146 562 Coenobii,
1195 513 1460 573 quatenus
1506 504 1653 555 nulla
1695 507 1979 557 occasione

141 599 230 640 aut
255 589 496 661 ingeniO,
536 602 625 642 aut
652 590 964 651 ealliditate,
997 600 1086 640 aut
1120 589 1342 641 audacia
1375 590 1800 653 interveniente,
1821 614 1979 664 prae-

141 688 352 728 sumant
394 679 599 750 aliquid
639 699 703 729 ex
736 679 897 729 rebus
941 698 1071 748 quas
1121 678 1362 748 praefato
1397 678 1515 729 loco
1551 680 1659 730 sive
1702 682 1978 731 monacbis

140 764 340 816 ibidem
366 767 482 817 Deo
517 766 873 816 militantibus
897 765 968 816 ad
1001 765 1270 837 refugium
1305 777 1358 817 et
1391 766 1458 816 ad
1486 767 1756 837 stipendia
1783 769 1978 819 submi-

140 853 418 904 nistranda
465 853 747 914 tradimus,
794 852 1006 904 auferre
1055 864 1108 904 et
1155 864 1538 915 transmutare,
1587 865 1676 906 aut
1716 856 1978 906 beneficia

137 940 378 1012 vassallis
428 941 537 991 suis
586 951 639 991 et
684 941 1028 1012 propinquis,
1069 961 1163 992 seu
1214 942 1549 1012 quibuslibet
1598 944 1848 1013 personis
1888 944 1978 993 tri-

136 1028 322 1089 buere,
362 1039 415 1079 et
454 1028 717 1099 quolibet,
756 1039 815 1079 ut
854 1028 982 1090 dixi,
1032 1029 1254 1101 ingenio
1291 1030 1632 1101 naufragare,
1683 1031 1778 1081 sed
1821 1031 1992 1081 liceat·

137 1115 393 1186 praefatis
430 1117 596 1167 servis
631 1117 752 1178 Dei,
792 1136 856 1168 ex
889 1117 1093 1168 eisdem
1134 1119 1297 1168 rebus
1339 1118 1441 1168 sibi
1477 1119 1782 1170 necessaria
1822 1139 1978 1189 prae-

136 1223 327 1273 parare
362 1205 565 1275 absque
608 1204 787 1275 aliqua
827 1205 1223 1276 inquietudinis
1266 1206 1530 1257 molestia.
1571 1207 1730 1273 Quod
1772 1207 1815 1257 si
1859 1207 1978 1277 quis

137 1303 586 1363 praesumptuose
644 1293 878 1343 nominis
942 1293 1044 1344 Dei
1108 1294 1503 1344 invocationem
1562 1306 1973 1366 contempnens,

138 1390 376 1430 nostram
413 1401 628 1451 quoque
665 1401 929 1452 spernens
964 1401 1201 1452 precem,
1242 1382 1509 1433 malitiose
1545 1383 1849 1453 praedictas
1891 1403 1976 1433 res

136 1467 392 1517 invaserit
435 1479 594 1538 atque
635 1469 938 1529 violauerit,
987 1481 1237 1520 aeternae
1285 1470 1654 1520 maledictioni
1703 1472 1978 1541 subjaceat

135 1553 431 1615 feriendus,
466 1555 767 1625 justissima
807 1557 909 1606 Dei
952 1557 1220 1607 sententia
1255 1558 1308 1607 in
1342 1558 1618 1628 praesenti
1650 1558 1775 1619 vita,
1815 1558 1975 1628 parti-

135 1661 260 1712 ceps
287 1643 501 1694 Dathan
530 1654 582 1693 et
602 1642 829 1704 Abiron,
855 1644 1017 1695 Iudae
1046 1665 1261 1715 quoque
1289 1646 1606 1716 proditoris,
1639 1656 1691 1695 et
1709 1646 1971 1716 Calliphe,

134 1730 550 1801 experiaturque
584 1732 848 1802 principis
883 1731 1269 1803 Apostolorum
1305 1733 1487 1784 Beatri
1519 1733 1668 1784 Petri
1693 1733 1976 1804 poenalem

133 1818 568 1889 aeternalemque
602 1819 1058 1881 maledictionem,
1106 1840 1225 1871 cum
1259 1821 1469 1871 Anania
1504 1832 1556 1871 et
1585 1821 1834 1891 Saphira,
1872 1821 1976 1871 nisi

132 1905 267 1956 illud
300 1907 678 1958 emendatione
720 1908 979 1959 citissima
1015 1909 1330 1960 correxerit.
1381 1911 1447 1959 Et
1489 1920 1546 1960 ut
1587 1910 1719 1960 haec
1756 1909 1976 1960 donatio

132 1993 278 2044 omni
310 2005 554 2065 tempore
590 1995 741 2047 firma
776 2007 828 2047 et
863 1997 1070 2048 stabilis
1105 2008 1438 2068 permaneat,
1478 2018 1597 2048 cum
1626 1997 1976 2067 stipulatione

132 2081 376 2142 subnixa,
408 2103 567 2134 manu
593 2084 815 2155 propria
848 2105 963 2136 eam
991 2085 1526 2136 subterfirmavimus.
1560 2087 1673 2157 Ego
1703 2084 1976 2135 Eccardus

132 2168 274 2219 dono
301 2170 403 2220 Dei
425 2172 636 2232 Comes,
662 2172 882 2223 donatio
912 2193 939 2224 a
964 2193 1047 2223 me
1078 2173 1233 2224 sacta.
1269 2176 1324 2225 S.
1359 2173 1594 2246 Orgarii,
1622 2175 1677 2225 S.
1703 2172 1970 2233 Fulconii,

132 2258 187 2308 S.
241 2259 546 2320 Leotboldi,
610 2262 665 2311 S.
715 2261 1081 2331 Theodulphi,
1137 2264 1192 2313 S.
1240 2261 1488 2322 Arnoldi,
1552 2264 1606 2313 S.
1665 2259 1969 2321 Saluuardi,

133 2345 188 2395 S.
237 2345 533 2407 Hodelrici‚
599 2349 654 2398 S.
711 2348 977 2408 Halrursi,
1039 2350 1094 2399 S.
1149 2349 1410 2400 Ursmari.
1473 2350 1629 2399 Data>
1672 2348 1727 2398 in
1790 2367 1973 2398 mense

131 2432 398 2494 Ianuario,
437 2453 577 2484 anno
611 2435 787 2505 primo
822 2436 1036 2506 imperii
1065 2436 1269 2486 domini
1297 2436 1482 2487 Karoli
1510 2436 1764 2488 Iunioris.
1805 2438 1973 2487 Gaut-

129 2519 314 2570 bertus
341 2541 424 2572 me
451 2522 686 2593 scripsit.

130 2708 196 2756 ΝΟ
223 2715 300 2761 75
319 2709 417 2759 his.
443 2711 731 2761 Eoee'czztion
751 2711 812 2760 cle
828 2719 954 2762 celle
974 2713 1326 2779 clonalionpar
1353 2713 1396 2763 le
1413 2720 1573 2762 comte
1593 2712 1814 2763 Eccard.
1853 2712 1975 2762 Tra-

623 2792 804 2841 dilion.
836 2793 1038 2843 Nolice.
1072 2794 1467 2860 (84O,janvie1·.)

599 2918 815 2978 Perard,
869 2919 1004 2967 Rec.
1056 2926 1190 2979 etc.,
1243 2939 1372 2985 page
1414 2922 1501 2968 23.

205 3041 409 3092 Notitia
462 3042 846 3106 traditionalis,
910 3046 1141 3116 qualiter
1206 3057 1259 3096 et
1315 3046 1511 3117 quibus
1567 3046 1967 3117 praesentibus,

128 3128 350 3179 veniens
387 3130 659 3181 Eecardus
694 3131 873 3184 divina
906 3134 1078 3204 gratia
1115 3135 1306 3185 Comes
1341 3134 1588 3186 Floriaeo
1614 3133 1965 3193 Monasterio,

53 3227 59 3230 '
129 3215 215 3266 die
259 3217 483 3268 Sabbati
525 3219 724 3270 mensis
760 3222 1017 3282 Januarii,
1056 3222 1110 3272 in
1146 3222 1389 3273 Ecclesia
1423 3232 1637 3273 sanetae
1671 3222 1773 3272 Dei
1809 3220 1968 3274 Geni-

127 3303 278 3354 tricis
335 3306 582 3367 Mariae,v
619 3317 670 3357 et
732 3309 903 3359 saneti
959 3310 1262 3371 Benedicti,
1322 3310 1700 3380 praesentibus
1758 3309 1968 3360 duobus
