2259 3692
916 176 1174 224 —19—

128 316 411 377 parentum
465 315 680 355 tuorum
728 312 882 373 rapto
931 300 1136 351 scelere
1193 297 1504 370 coniugium
1554 296 1771 359 sociavi,
1822 295 1966 348 unde

126 394 264 444 vitae
296 392 598 463 periculum
630 391 909 442 incurrere
953 387 1136 448 debui,
1176 386 1291 447 sed,
1330 385 1756 436 intervenientes
1795 404 1965 436 sacer-

129 481 281 531 dotes
320 480 403 530 vel
451 480 608 530 bonis
657 477 987 536 hominibus,
1040 475 1202 526 vitam
1245 474 1488 534 obtenui,
1541 473 1618 523 sic
1666 483 1866 534 tamen,
1910 482 1968 523 ut

128 567 273 638 quod
298 567 399 618 tibi
424 568 477 617 in
502 566 732 618 tanodo¹
760 565 843 616 vel
871 564 923 614 in
954 563 1094 613 dotis
1120 562 1335 613 titulum
1363 572 1485 612 ante
1513 560 1599 611 die
1627 560 1964 631 nupciarum,

128 655 171 705 si
206 665 259 705 te
294 655 659 726 disponsataln
693 652 1022 711 habuissem,
1061 649 1310 701 conferre
1347 649 1659 709 debueram,
1698 668 1796 719 per
1828 648 1968 698 hanc

126 743 408 813 epistolam
472 741 964 812 conposcionalem,
1024 752 1142 805 aut,
1202 745 1249 789 si
1310 744 1572 801 convenit,
1636 736 1963 797 cessionem,

126 830 337 881 firmare
371 830 612 881 deberim
637 851 648 892 3
687 828 833 899 quod
866 828 940 878 ita
966 838 1018 878 et
1046 826 1167 877 seci.
1211 826 1448 896 Ideoque
1477 825 1620 876 dono
1646 824 1748 874 tibi
1774 823 1968 874 locello

125 928 469 988 nuncupante
496 917 609 977 illo,
643 917 803 967 situm
835 916 889 966 in
924 936 1062 987 pago
1091 915 1203 976 illo,
1238 934 1356 965 eum
1385 913 1633 964 domibus
1662 912 1728 963 ad
1754 931 1967 962 manen-

125 1005 249 1056 dum
286 1005 591 1077 condignis,
629 1005 712 1055 vel
754 1004 931 1054 omnia
967 1004 1296 1054 intrinsecus
1331 1001 1611 1053 ustensilia
1640 999 1963 1061 necessaria,

125 1113 243 1143 cum
279 1093 461 1153 terris,
505 1093 809 1153 accolabUS,
848 1091 1115 1162 mancipia
1148 1101 1315 1151 tanta,
1353 1090 1531 1149 viniis,
1572 1088 1739 1149 silviS‚
1773 1088 1962 1159 pratiS,

123 1181 336 1251 pascuis
390 1181 472 1231 vel
534 1181 758 1251 reliquis
824 1180 1256 1251 quibuscumque
1313 1176 1661 1237 beneficiis2,
1732 1175 1968 1227 caballos

122 1279 319 1329 tantos,
370 1270 532 1320 boves
573 1280 773 1328 tantus,
826 1288 992 1339 grege
1041 1287 1322 1338 equorum,
1366 1286 1532 1338 grege
1577 1275 1964 1325 armentorum,

124 1377 289 1427 grege
346 1377 655 1427 porcorum,
717 1376 882 1428 grege
941 1356 1136 1415 ovium,
1206 1355 1346 1405 inter
1395 1374 1601 1414 aurum,
1662 1363 1964 1425 argentum,

126 1444 495 1504 stibrieaturas,
528 1444 765 1515 drappus
794 1444 846 1494 in
875 1443 1089 1494 soledos
1115 1454 1313 1493 tantos.
1341 1445 1484 1493 Haec
1511 1441 1689 1491 omnia
1718 1440 1967 1511 superius

125 1533 498 1601 conprehensa
555 1552 582 1582 a
639 1532 723 1582 die
774 1542 1028 1601 presente
1077 1532 1131 1581 in
1189 1542 1280 1581 tua
1329 1529 1543 1580 tradedi
1599 1539 1867 1599 potestate
1916 1538 1969 1578 et

124 1617 489 1670 dominatione
532 1619 969 1690 possedendum3
1020 1618 1258 1669 habendi
1298 1617 1522 1668 tenendi
1576 1616 1659 1667 vel
1709 1615 1970 1687 quicquid

122 1707 316 1757 exinde
350 1707 582 1779 elegeris
618 1707 848 1758 faciendi
886 1706 1111 1757 liberam
1136 1707 1337 1757 habeas
1371 1715 1712 1776 potestatem.
1749 1704 1806 1756 Si
1848 1703 1968 1774 quis

122 1815 248 1846 vero
293 1807 342 1848 et
366 1808 558 1849 cetera.

124 2059 187 2106 N⁰
215 2064 304 2109 18.
354 2059 662 2108 Testamenl.
687 2059 1137 2126 Enrefsds‘trement
1162 2061 1191 2107 ἐι
1220 2059 1265 2107 Ia
1294 2058 1453 2106 curie.
1479 2057 1690 2105 Ferme-s·
1710 2055 1969 2105 romaines

890 2142 1201 2189 conserveeS.

543 2308 617 2372 (Z.
651 2310 725 2374 17)
757 2309 917 2357 Marc.
947 2311 1118 2357 Form.
1149 2311 1195 2357 II
1226 2309 1307 2375 (R.
1342 2308 1402 2357 G.
1438 2309 1545 2373 129)

162 2475 406 2542 Qualiter
434 2477 487 2527 in
522 2498 686 2529 unum
712 2478 983 2530 volumine
1015 2490 1339 2530 testamento
1374 2497 1606 2550 persone
1643 2476 1925 2528 condatur.

199 2587 482 2658 Regnante
499 2588 553 2638 in
576 2600 842 2659 perpetuo
863 2589 1081 2640 domino
1109 2601 1296 2640 nostro
1317 2592 1441 2641 Jesu
1460 2588 1699 2648 Christo,
1725 2586 1966 2658 qualibet

123 2693 263 2724 anno
281 2674 373 2724 illo
390 2687 653 2747 regnante
675 2697 802 2749 rege
829 2678 922 2728 illo
943 2679 1041 2728 sub
1063 2678 1182 2729 diae
1200 2678 1314 2739 illo,
1340 2698 1440 2749 ego
1457 2676 1535 2727 illi
1556 2687 1608 2727 et
1629 2675 1825 2726 coniux
1851 2695 1967 2726 mea

123 2761 232 2822 illa,
252 2782 378 2813 sana
395 2775 605 2814 mentae
620 2765 945 2837 integroque
963 2766 1210 2827 consilio,
1228 2765 1518 2816 metuentis
1537 2784 1689 2815 casus
1703 2763 1969 2814 humanae

124 2848 450 2921 fragilitatis,
488 2862 869 2904 testamentum
912 2853 1575 2913 nostrumcondedimus,
1627 2871 1787 2922 quem
1822 2851 1967 2901 illius

124 2937 334 2987 notario
369 2939 716 2991 scribendum
745 2942 1085 3003 comisemus,
1124 2953 1199 3003 ut,
1241 2941 1513 3013 quomodo
1549 2941 1662 2991 dies
1698 2939 1969 3011 legitimos

125 3034 247 3093 post
278 3027 564 3077 transitum
593 3039 837 3080 nostruin
872 3030 1168 3091 advenerit,
1207 3030 1505 3102 recognitis
1534 3027 1761 3099 segillis,
1798 3027 1970 3078 inciso

184 3245 221 3284 1.
265 3244 329 3285 On
367 3251 516 3287 trouve
548 3249 681 3290 aussi
713 3247 776 3291 les
806 3252 972 3305 formes
1001 3251 1224 3306 tand0no‚
1250 3250 1427 3305 tinado,
1457 3255 1544 3291 etc.
1584 3247 1775 3304 Signifie
1815 3245 1895 3288 dot
1929 3250 1969 3288 et

128 3325 143 3348 α
175 3308 302 3351 livret
327 3330 341 3350 υ
375 3309 428 3352 de
455 3311 534 3354 dol
561 3312 787 3369 (libellum
815 3315 972 3372 dotis).

184 3377 222 3415 2.
260 3376 410 3430 Bimes,
439 3392 498 3418 (ιιι
527 3394 629 3420 sens
656 3381 960 3438 deonomique,
987 3389 1025 3422 et
1052 3397 1139 3423 uon
1166 3397 1256 3440 pas
1287 3398 1303 3423 «
1329 3381 1545 3437 be'mssfices
1575 3396 1612 3420 ν.
