2259 3692
918 150 1183 199 -24-

90 324 94 327 .
118 275 391 348 peculiare
418 294 697 337 concesso,
723 275 869 347 quod
893 276 1062 327 habes
1090 287 1179 328 aut
1206 276 1487 329 elaborare
1515 279 1780 349 potueris,
1808 292 1901 332 aut
1929 272 1977 331 εἰ

119 370 355 415 convenit
381 382 397 414 :
428 362 800 414 defensionem
829 364 1091 417 ecclesiae
1119 365 1265 416 illius
1292 375 1345 416 et
1373 365 1535 418 vitam
1570 386 1783 439 semper
1810 367 1974 420 ducas

120 452 432 523 ingenuam.
473 451 530 502 Si
566 451 686 523 quis
718 471 864 503 vero,

122 731 188 779 Νο
206 733 300 781 21.
330 729 588 779 Donation
605 747 727 778 avec
746 747 807 778 ou
829 748 949 779 san-s·
969 733 1191 780 re'serve.
1212 732 1532 782 Prestations
1553 734 1598 796 (εὶ
1625 736 1947 802 remarquer‘)
1962 773 1972 782 .

938 811 1146 862 Char-te.

543 995 615 1059 (Z.
644 996 723 1061 36)
754 995 895 1044 Marc
923 997 1096 1045 Form.
1128 999 1172 1045 II
1204 998 1286 1062 (R.
1326 998 1387 1048 G.
1423 1002 1551 1065 161).

123 1166 180 1218 Si
212 1166 406 1237 aliquis
434 1186 587 1216 servo
620 1177 709 1216 aut.
735 1167 997 1238 gasindo1
1027 1189 1124 1219 suo
1152 1169 1358 1240 aliquid
1387 1170 1689 1221 concedere
1717 1171 1966 1222 voluerit.

192 1305 506 1356 Iustissimis
541 1307 742 1357 nostris
778 1307 1128 1358 sublevantur
1164 1310 1501 1369 muneribus,
1535 1310 1627 1380 qui
1661 1311 1819 1361 nobis
1846 1311 1972 1361 fide-

116 1395 239 1445 liter
274 1404 326 1444 et
360 1394 583 1444 instanti
627 1393 953 1446 famulantur
996 1394 1192 1447 officio.
1243 1399 1358 1468 Ego
1403 1398 1458 1448 in
1500 1399 1601 1449 Dei
1644 1419 1841 1449 nomen
1882 1399 1972 1450 ille

116 1482 262 1532 fideli
308 1492 495 1532 nostro
542 1482 653 1533 illo.
705 1484 810 1534 Pro
858 1484 1148 1554 respectu²
1182 1485 1309 1536 fidei
1354 1497 1406 1536 et
1451 1486 1658 1537 servitii
1702 1487 1800 1547 tui,
1847 1488 1972 1558 quia

117 1571 259 1621 eirca
309 1590 407 1620 nos
456 1570 774 1641 impendere
824 1591 931 1621 non
977 1571 1222 1633 desistis,
1276 1574 1648 1644 prumtissima
1694 1575 1971 1626 voluntate

117 1658 357 1709 cedimus
406 1658 507 1709 tibi
558 1680 585 1709 a
636 1659 722 1709 die
770 1670 1026 1730 presente
1075 1661 1270 1712 locello
1320 1673 1670 1733 nuncupante
1720 1663 1833 1723 illo,
1879 1676 1973 1715 aut

116 1766 302 1797 manso
343 1747 456 1807 illo,
499 1746 639 1797 infra
672 1747 906 1798 termino
939 1748 1064 1799 villa
1105 1760 1289 1800 nostra
1323 1750 1432 1810 illa,
1473 1771 1594 1801 cum
1640 1751 1786 1801 omni
1831 1751 1970 1802 adia-

116 1835 292 1885 centia
341 1834 407 1885 ad
454 1835 573 1905 ipso
619 1835 840 1895 locello,
892 1848 984 1887 aut
1034 1837 1322 1898 mansello,
1376 1838 1730 1909 aspicientem
1778 1839 1966 1900 terris,

116 1922 392 1983 domibus,
447 1923 759 1993 mancipiis,
812 1924 1010 1984 vineis,
1064 1925 1318 1995 pratella,
1374 1926 1561 1977 silvola
1610 1926 1693 1977 vel
1744 1927 1971 1998 reliquis

114 2009 431 2062 beneficiis³³
459 2010 660 2062 ibidem
695 2012 1117 2082 aspicientibus3
1157 2013 1229 2064 ita
1262 2025 1317 2064 ut
1353 2015 1418 2065 ab
1449 2015 1552 2065 hoc
1589 2014 1675 2065 die
1702 2015 1820 2085 ipso
1856 2015 1970 2066 iure

113 2099 479 2170 proprietario
504 2132 574 2136 —
598 2107 645 2150 si
671 2107 744 2151 ita
772 2108 1029 2165 convenit,
1060 2114 1153 2153 cuit
1179 2103 1278 2152 sub
1306 2102 1513 2153 reditus
1539 2113 1684 2153 terre
1704 2136 1775 2140 —
1800 2103 1855 2153 in
1880 2113 1970 2153 tua

113 2206 334 2238 revoces
368 2197 658 2257 potestate,
690 2199 742 2238 et
776 2188 924 2238 nulla
958 2187 1274 2240 functione4
1308 2201 1397 2240 aut
1431 2190 1638 2240 reditus
1671 2201 1849 2241 terrae
1887 2190 1970 2241 vel

112 2275 396 2345 pascuario
447 2285 536 2325 aut
584 2276 816 2347 agrariO,
878 2276 1231 2347 carropera5,
1300 2290 1393 2329 ant
1447 2279 1802 2350 quodcumque
1866 2279 1971 2329 (liei

105 2374 303 2434 potest,
346 2363 540 2414 exinde
583 2363 790 2414 solvere
832 2384 931 2414 nec
973 2375 1031 2414 tu
1073 2385 1173 2415 nec
1212 2377 1303 2416 tua
1344 2366 1635 2437 posteritas
1674 2366 1831 2416 nobis
1870 2387 1969 2417 neo

115 2450 411 2501 heredibus
439 2451 658 2512 nostris,
690 2472 789 2502 neo
817 2452 1145 2523 quicumque
1179 2465 1303 2524 post
1340 2474 1438 2504 nos
1476 2454 1593 2525 ipsa
1626 2454 1749 2505 villa
1787 2474 1968 2525 posse-

118 2538 278 2600 derit,
308 2559 417 2589 non
445 2539 709 2601 debeatis,
741 2540 845 2591 nisi
870 2550 1100 2602 tantum,
1129 2549 1175 2592 .ςί
1210 2550 1283 2594 ita
1311 2544 1438 2607 vult,
1469 2543 1585 2614 riga
1604 2541 1638 2603 ⁶,
1671 2542 1766 2593 sed
1793 2542 1969 2613 ipsum

176 2850 214 2890 1.
250 2846 413 2889 Allem.
442 2847 646 2903 gesinde,
677 2855 743 2890 est
769 2850 942 2907 oppose‘
967 2850 995 2890 (ὶ
1022 2864 1200 2903 εει·νιι.ς;
1229 2848 1334 2890 c'esl
1363 2864 1422 2890 liu
1451 2849 1624 2890 homme
1645 2848 1758 2890 libre
1781 2848 1966 2905 (fidelis)

116 2912 332 2969 endroit,
368 2914 488 2955 mais
529 2929 578 2954 en
620 2914 726 2970 fait,
773 2914 1051 2973 dependant.
1103 2915 1312 2971 De'signd,
1358 2930 1408 2956 en
1451 2913 1584 2969 latin,
1623 2930 1715 2973 par
1753 2914 1815 2956 les
1851 2922 1968 2957 mols

115 2979 310 3035 amicus,
341 2986 599 3037 susceptus,
631 2995 842 3038 sperans,
872 2981 1018 3022 homo.

174 3047 214 3087 2.
250 3048 348 3087 Par
371 3044 715 3087 consideration
748 3061 881 3104 pour,
914 3046 1020 3088 d’oic
1050 3045 1086 3087 le
1112 3061 1215 3089 nom
1243 3046 1297 3089 de
1329 3064 1344 3088 (‹
1375 3054 1506 3089 carta
1533 3045 1837 3106 respectualis
1864 3063 1904 3089 ».

173 3113 216 3154 3.
256 3111 408 3168 Biens,
439 3125 501 3153 αιι
526 3127 629 3153 sens
656 3113 945 3170 e'conomique
971 3120 1013 3154 et
1037 3127 1124 3154 non
1155 3133 1170 3148 ιι
1205 3113 1423 3169 ὒέηέῘῐςεε
1455 3131 1489 3154 ιο.

175 3179 213 3218 4.
250 3178 515 3219 Prestation
543 3177 678 3234 (dont
700 3177 736 3219 il
760 3178 829 3220 ait
857 3180 884 3220 (ὶ
915 3195 937 3218 ‹<
964 3178 1233 3237 s'cchuitter
1263 3181 1319 3236 ⁶)-

176 3245 217 3285 5.
260 3243 479 3285 Charmis
503 3243 734 3300 (j0urni5es
757 3243 812 3285 de
839 3244 1091 3299 charmis.)

175 3312 216 3352 6.
258 3310 412 3350 Οοννόε
438 3309 520 3367 qui
545 3309 742 3351 consiste
783 3310 811 3350 ὰ
854 3325 1032 3351 creuser
1069 3309 1147 3351 des
1181 3312 1330 3364 fossc's
1356 3311 1477 3360 (auc.
1518 3313 1577 3366 fr.
1607 3325 1711 3368 roye
1760 3326 1819 3352 οιι
1848 3310 1965 3366 rate)

119 3388 176 3416 οιι
201 3373 320 3430 faire
346 3373 425 3417 (les
452 3373 657 3432 [about-s,
690 3390 782 3433 roy.
815 3375 948 3418 aussi
967 3375 1176 3419 διιέναι-ά
1199 3375 1400 3435 ΡοΙ)·μι.,
1431 3379 1466 3432 J,
1494 3392 1542 3436 l)-
1572 3378 1787 3421 637-644.
