2259 3692
1058 251 1352 300 „008—

1160 288 1213 300 ¹»ae

281 389 333 429 et
370 377 655 429 habuimus
695 377 853 429 simul
888 377 1177 448 placitum,
1220 378 1273 427 in
1313 396 1420 447 quo
1452 376 1612 428 talem
1652 397 1771 429 cum
1808 399 1870 429 eo
1905 378 2128 431 fecimus

281 466 645 529 concordiam,
676 477 753 528 ut,
786 477 838 518 et
872 486 970 518 nos
998 466 1360 517 dimiserimus
1389 466 1438 516 ei
1465 486 1650 518 omnes
1678 478 1824 518 retro
1856 469 2123 539 querelas,

279 566 331 606 et
379 555 469 605 illc
525 555 773 606 similiter
818 555 975 606 nobis
1019 575 1205 606 omnes
1250 575 1381 625 quas
1422 554 1659 607 habebat
1704 566 1891 608 contra
1933 577 2030 608 nos
2076 568 2128 609 et

278 654 465 694 contra
494 643 749 694 familiam
775 654 1033 695 nostram.
1065 644 1145 694 De
1175 643 1291 694 aliis
1320 653 1496 694 autem
1524 643 1838 695 hominibus
1866 645 1910 695 si
1937 645 2127 697 fecerit

279 732 571 793 clamoren,
616 732 775 783 faciet
809 733 857 783 ei
885 732 1150 804 justitiam
1183 732 1265 783 vel
1304 733 1453 803 prior
1489 743 1674 784 noster
1709 733 1775 784 ad
1809 753 1968 804 quem
2001 753 2127 805 per-

277 821 492 872 tinebit.
527 823 697 892 Hujus
732 821 1057 873 concordiae
1090 831 1257 873 testes
1284 842 1292 871 :
1334 822 1389 891 [4
1417 822 1608 891 noms).

279 1097 344 1144 ΝΟ
375 1102 506 1149 161.
549 1098 744 1148 Sourcc
785 1099 846 1147 (Ie
886 1117 1122 1166 Servaqe.
1183 1098 1454 1147 Indiviclus
1506 1117 1566 1148 ne
1609 1106 1842 1165 polluant
1884 1100 2126 1150 restituor

345 1197 439 1227 unc
489 1180 637 1227 chose
688 1180 822 1228 vole'e
875 1180 1014 1246 (plus
1063 1181 1444 1245 qeneralement
1504 1182 1718 1245 reparer
1769 1199 1833 1228 un
1883 1180 2021 1247 delit)
2073 1200 2125 1230 sc

341 1259 563 1309 clomzent
590 1278 647 1309 en
675 1279 911 1327 servagse.

639 1443 792 1492 Liber
819 1444 880 1492 de
907 1445 1066 1492 servis
1095 1444 1219 1511 Maj.
1251 1445 1392 1493 Mon.
1424 1446 1530 1504 CV,
1567 1446 1633 1512 (p.
1655 1447 1757 1511 99).

365 1643 443 1694 De
481 1642 711 1695 Radulfo
747 1653 799 1694 et
827 1643 1103 1696 Gaufredo
1137 1655 1189 1696 et
1217 1646 1577 1697 Constantino
1606 1645 1773 1697 servis
1802 1644 2029 1698 effectis.

348 1785 518 1835 Nosse
559 1783 859 1845 debebitis,
900 1785 943 1835 si
983 1786 1074 1856 qui
1109 1786 1259 1836 eritis
1294 1787 1501 1857 posteri
1537 1787 1710 1837 nostri
1748 1788 1874 1858 Maj.
1915 1786 2121 1838 scilicet

274 1872 433 1942 hujus
460 1872 793 1923 habitatores
822 1875 968 1924 Mon.
998 1874 1112 1926 Soti
1133 1877 1291 1926 Mart.
1326 1874 1616 1927 Radulfum
1636 1875 1925 1946 quendam,
1954 1875 2121 1926 filium

276 1960 506 2021 Radulfi,
547 1960 612 2011 de
649 1961 773 2012 villa
812 1982 945 2032 quae
985 1962 1183 2014 dicitur
1224 1964 1451 2025 Ricrox,
1494 1965 1548 2014 in
1583 1984 1722 2036 pago
1762 1964 2117 2036 Biturigensi,

273 2059 330 2098 ut
375 2068 400 2098 a
448 2051 563 2099 Deo
609 2049 916 2100 libertatem
958 2062 1322 2122 consequatur
1366 2062 1658 2113 aeternam,
1707 2052 1761 2102 in
1808 2053 2121 2103 servitutem

273 2156 389 2187 sese
423 2137 714 2188 tradidisse
750 2139 865 2189 Scti
888 2141 1046 2189 Mart.
1087 2150 1139 2189 et
1166 2150 1424 2201 nostram,
1463 2141 1751 2213 agentibus
1784 2161 1928 2191 nunc
1962 2141 2120 2191 nobis

272 2226 370 2275 sub
405 2225 668 2297 regimine
712 2225 895 2277 domni
931 2228 1139 2278 abbatis
1173 2227 1415 2289 Alberti,
1463 2248 1603 2279 anno
1645 2229 1710 2279 ab
1745 2228 2119 2279 incarnatione

270 2314 345 2364 ΜΟ
373 2314 483 2363 LX⁰
512 2315 610 2376 1103
655 2315 727 2365 ita
765 2314 992 2376 scilicet,
1032 2326 1090 2366 ut
1114 2325 1222 2367 tam
1258 2316 1392 2387 ipse,
1433 2337 1591 2387 quam
1622 2327 1735 2367 tota
1770 2316 2029 2387 deinceps
2056 2336 2120 2367 ex

270 2421 332 2451 co
376 2402 616 2472 suisque,
655 2403 698 2453 si
741 2403 833 2473 qui
875 2423 1112 2474 unquam
1153 2404 1356 2455 fuerint
1390 2404 1513 2455 filiis
1556 2424 1616 2456 ac
1657 2404 1979 2475 nepotibus,
2022 2424 2119 2475 per

270 2489 450 2541 secula
484 2490 663 2542 futura
695 2492 1004 2562 posteritas,
1046 2493 1145 2543 sub
1181 2493 1367 2544 eadem
1407 2493 1663 2544 servitute
1697 2493 1816 2564 pari
1844 2495 1966 2564 jure
1993 2512 2118 2564 per-

269 2589 498 2629 maneat.
544 2582 810 2645 Quattuor
849 2580 1030 2651 itaque
1070 2580 1322 2632 denarios
1358 2602 1421 2632 ex
1446 2601 1595 2633 more
1623 2581 1726 2632 sibi
1761 2601 1923 2652 supra
1958 2590 2119 2652 caput

268 2666 467 2736 posuit,
509 2687 642 2737 quos
679 2668 805 2718 inde
841 2668 1069 2719 domnus
1110 2669 1277 2720 Fulco
1317 2680 1502 2720 noster
1543 2670 1645 2720 hoc
1689 2679 1934 2740 tempore
1967 2669 2117 2739 prior

270 2755 494 2824 accepit.
538 2756 778 2806 Eandem
817 2757 976 2807 etiam
1015 2757 1328 2807 servitutem
1364 2768 1486 2808 ante
1514 2777 1728 2807 menses
1763 2757 1986 2826 aliquot,
2026 2755 2117 2806 alii

269 2842 486 2912 quidam
530 2843 634 2894 duo
677 2845 954 2895 subierant
996 2845 1078 2894 his
1122 2845 1431 2895 nominibus
1460 2846 1524 2896 G.
1558 2855 1610 2895 et
1638 2847 1696 2895 C.
1739 2847 1886 2910 Quos
1915 2863 2034 2894 cum
2061 2843 2113 2893 in

267 2929 410 2980 furto
455 2951 634 2982 rerum
679 2942 981 2982 nostrarum
1034 2953 1164 3002 quas
1206 2933 1311 3002 ipsi
1351 2933 1508 2982 nobis
1554 2952 1766 2982 servare
1817 2931 2109 2991 debebant,

268 3017 836 3087 deprehendissemus,
868 3030 920 3069 ct
954 3019 1095 3069 unde
1124 3020 1280 3070 nobis
1315 3020 1610 3070 redderent
1645 3020 1790 3090 quod
1816 3019 1976 3070 furati
2004 3019 2112 3070 fue-

266 3116 385 3155 rant
413 3126 519 3155 non
547 3107 830 3168 haberent,
861 3108 1068 3177 scipsos
1096 3107 1148 3156 in
1175 3118 1497 3178 perpetuum
1525 3128 1707 3158 servos
1737 3108 1851 3159 Scti
1892 3107 2112 3158 Martini

264 3192 607 3243 tradiderunt
655 3205 707 3244 et
755 3205 987 3244 nostros.
1047 3195 1179 3245 Acta
1233 3207 1358 3246 sunt
1406 3197 1538 3246 haec
1580 3206 1808 3266 utraque
1842 3206 1894 3245 et
1932 3194 1997 3245 de
2041 3195 2105 3245 R.

265 3280 358 3329 illo
401 3281 607 3331 scilicet
658 3293 709 3331 et
759 3282 823 3332 dc
867 3282 1077 3332 duobus
1127 3283 1277 3343 istis,
1332 3304 1430 3354 pro
1475 3283 1784 3334 diversitate
1825 3282 2105 3353 temporis,

265 3369 494 3419 testibus
523 3369 767 3430 diversis,
808 3390 941 3440 quos
975 3371 1178 3420 idcirco
1214 3371 1469 3422 distincte
1504 3371 1707 3441 placuit
1733 3369 1872 3421 infra
1897 3379 2102 3419 notare.

302 3458 332 3505 ,Ί
341 3458 543 3507 'fimoins
560 3499 590 3525 ἢ.
