2259 3692
1024 249 1317 297 -197—

247 377 446 448 sylvam
481 375 548 426 ad
579 385 855 426 trecentos
883 394 1078 446 porcos
1114 373 1356 425 alendos.
1398 376 1457 425 In
1483 374 1609 425 villa
1637 376 1909 437 Rorbach,
1941 395 2083 428 man-

247 484 363 517 sum
398 483 561 514 unum
598 483 717 514 cum
749 473 864 514 toto
909 462 1164 524 servitio;
1202 472 1416 532 pratum
1444 461 1510 512 ad
1544 463 1939 535 quinquaginta
1974 484 2083 516 oar·
2134 513 2137 516 .

245 551 437 614 radas3
492 551 750 601 forestum
799 550 865 602 ad
915 550 1309 621 quinquaginta
1350 569 1546 619 porcos
1595 551 1967 620 pastinandos.
2024 554 2083 603 In

246 639 500 690 comitatu
546 640 850 698 Dextroch,
903 639 996 689 ubi
1043 637 1457 690 'l'heodebertus
1510 638 1804 708 praesidet,
1865 639 2085 709 praedia

246 748 382 799 quae
410 727 585 778 eidem
611 727 764 777 uxori
793 746 940 777 meae
962 728 1083 797 jure
1112 725 1253 776 dotis
1281 726 1346 776 ab
1376 726 1666 776 Ilincmaro
1693 738 2081 797 provenerunt.

247 818 305 867 In
338 815 463 867 villa
505 815 795 887 Zuzelinga
836 834 1049 865 mansos
1090 813 1283 886 viginti
1330 823 1383 864 et
1430 833 1617 874 unum,
1666 833 1786 864 eum
1836 815 2087 866 omnibus

247 903 582 975 appendiciis
612 903 721 953 suis
757 902 915 953 cultis
942 913 995 953 et
1022 901 1261 963 incultiS,
1298 901 1489 962 vineiS,
1536 912 1638 953 eto.
1668 924 1678 965 3
1716 902 2088 955 molendinum

247 1012 411 1043 unum
444 1001 496 1042 et
523 988 788 1041 bannum¹
823 990 1072 1041 similiter
1098 1011 1106 1040 :
1138 990 1266 1041 item
1301 990 1356 1040 in
1391 990 1582 1041 eodem
1603 990 1859 1042 comitatu
1886 991 1952 1042 ad
1976 992 2088 1042 Do-

247 1080 448 1130 minum
495 1079 744 1130 Juvinum
793 1099 983 1129 novem
1030 1099 1244 1129 mansos
1283 1089 1385 1129 cte.
1419 1080 1479 1129 111
1523 1078 1766 1130 Tullensi
1807 1080 2082 1150 parochia,

247 1169 300 1219 in
329 1168 585 1218 comitatu
620 1167 891 1228 Mortima,
944 1168 1037 1218 ubi
1084 1167 1476 1239 Regimboldus
1521 1179 1754 1238 praeest,
1802 1168 2086 1219 ecclesiam

249 1256 543 1316 Roserolis,
597 1266 699 1306 etc.
756 1257 896 1306 Haec
947 1256 1128 1306 omnia
1162 1276 1324 1326 super
1374 1256 1597 1307 recitata
1642 1255 1708 1307 ad
1749 1256 2086 1327 praedictum

247 1344 570 1394 coenobium
619 1346 844 1414 ejusque
889 1344 1305 1395 habitatricibus
1351 1343 1487 1394 inibi
1536 1346 1651 1395 Deo
1701 1344 2082 1405 servientibus,

248 1432 410 1492 dono,
441 1432 597 1483 trado
631 1442 792 1502 atque
818 1432 1140 1502 potestativa
1168 1452 1324 1483 manu
1361 1431 1689 1494 transfirmo,
1721 1443 1779 1483 ut
1827 1433 2082 1493 habeant,

245 1531 484 1581 teneant,
524 1531 683 1591 atque
712 1523 834 1590 jure
877 1530 1143 1591 perpetuo
1184 1520 1519 1591 possideant,
1558 1520 1806 1572 excolant
1841 1531 1893 1572 et
1934 1541 2088 1572 exer-

247 1620 401 1660 ceant
427 1620 587 1679 atque
621 1629 721 1679 pro
757 1609 915 1659 libitu
943 1608 997 1659 in
1034 1608 1237 1659 eisdem
1270 1608 1711 1679 possessionibus
1739 1629 1900 1680 supra
1928 1609 2089 1660 adno-

244 1698 369 1748 tatis
403 1697 785 1747 ministeriales
813 1717 956 1757 suos,
988 1697 1242 1748 videlicet
1274 1697 1528 1750 Villicum
1564 1707 1616 1748 et
1645 1697 2030 1749 Scabinionem
2050 1697 2085 1759 ³,

246 1797 298 1836 et
339 1796 580 1837 caeteros
608 1784 867 1836 officiales
910 1785 1262 1837 constituant.
1313 1787 1386 1836 Ea
1426 1795 1608 1836 tamen
1660 1785 1992 1847 conditione,
2031 1796 2090 1837 ut

246 1874 417 1925 isdem
444 1873 594 1925 locus
630 1874 729 1924 sub
764 1883 949 1925 nostra
983 1873 1049 1924 ad
1073 1873 1337 1925 tuendum
1378 1873 1621 1945 legitima
1653 1873 1708 1924 in
1742 1893 1928 1925 aevum
1960 1894 2089 1945 pro-

248 1962 521 2013 creatione
555 1963 837 2023 habeatur,
871 1972 923 2012 et
960 1962 1071 2012 filio
1105 1972 1293 2013 nostro
1334 1961 1640 2013 Deoderieo
1668 1973 1720 2013 et
1754 1962 1863 2013 suis
1897 1963 2090 2014 haere-

248 2051 406 2101 dibus
440 2051 543 2101 11οο
579 2050 983 2111 committimus,
1023 2050 1170 2101 nulla
1205 2049 1348 2101 illis3
1381 2050 1662 2101 auferendi
1701 2050 1784 2101 vel
1818 2050 2092 2102 vendendi

246 2158 502 2189 concessa
528 2138 766 2189 licentia.
808 2139 866 2191 Si
894 2139 1014 2210 quis
1041 2151 1136 2190 etc.
1167 2139 1305 2190 hanc
1332 2138 1642 2190 traditionis
1678 2138 1938 2190 cartulam
1973 2138 2091 2190 fleri

246 2227 488 2287 fecimus,
528 2247 816 2299 coramque
844 2227 1253 2278 scabinionibus
1282 2227 1528 2278 roborari
1564 2227 1916 2298 stipulatione
1962 2228 2091 2278 sub-

246 2315 366 2366 nixa
408 2315 462 2365 in
499 2315 719 2385 publico
754 2315 974 2386 placitO.
1016 2317 1071 2367 S.
1122 2317 1177 2367 S.
1222 2315 1432 2366 comitis
1467 2315 1559 2386 qui
1599 2316 1732 2366 haec
1774 2315 1891 2366 fieri
1929 2316 2092 2386 jussit

247 2405 302 2454 S.
341 2402 590 2453 dominae
619 2405 679 2454 B.
713 2423 849 2474 quae
884 2402 1041 2454 simul
1069 2423 1189 2454 cum
1224 2423 1286 2453 eo
1323 2403 1616 2454 consensit.
1660 2405 1714 2455 S.
1749 2405 1813 2454 O.
1854 2403 2085 2454 comitls.

248 2493 302 2541 S
344 2493 406 2541 H.
448 2491 709 2551 Scabinii,
762 2492 817 2542 S.
857 2492 923 2541 D.
973 2493 1028 2542 S.
1077 2493 1164 2544 W.
1199 2493 1388 2542 Testes
1424 2492 1479 2542 S.
1522 2490 1585 2542 A.
1627 2493 1682 2543 S.
1723 2492 1786 2543 R.
1829 2492 1885 2543 S.
1925 2491 1987 2542 A.
2028 2493 2084 2544 S.

246 2579 604 2630 'sheothberti
631 2579 859 2629 comitis.
888 2581 942 2631 S.
977 2580 1032 2631 S.
1061 2579 1303 2630 Scabinii
1326 2580 1381 2631 S.
1408 2579 1465 2629 L.
1489 2580 1545 2630 S.
1578 2579 1638 2630 E.
1673 2581 1728 2631 S.
1763 2580 1825 2631 R.
1852 2579 2082 2630 comitis.

248 2667 323 2719 Si.
366 2667 607 2719 Scabinii
644 2667 912 2719 Ruizelini
951 2668 1006 2719 S.
1048 2669 1110 2719 R.
1151 2669 1433 2739 Regnante
1469 2668 1670 2718 Ottone
1714 2669 1848 2739 Imp.
1888 2667 2082 2738 primo,

246 2775 386 2806 anno
434 2756 499 2806 ab
536 2757 646 2806 1110.
685 2757 842 2806 Ι)0111.
891 2755 1368 2827 noningentesimo
1409 2755 1742 2827 sexagesimo
1770 2766 1938 2807 sexto.
1972 2757 2086 2827 Ego

250 2844 563 2895 Lambcrtus
597 2843 738 2895 filius
784 2844 1026 2915 ipsorum
1055 2846 1209 2915 jussu
1257 2843 1525 2915 praedicti
1571 2844 1789 2895 Ottonis
1833 2846 1965 2915 Imp.
2021 2844 2087 2895 ad

246 2931 415 2983 vicem
448 2932 758 2984 cancellarii
792 2932 986 3004 scripsi
1019 2942 1072 2984 et
1103 2932 1422 3004 subscripsi.

302 3207 342 3247 l.
391 3205 491 3246 Voir
532 3207 622 3259 (Et.
662 3219 799 3263 prop.
842 3206 906 3246 M.
946 3206 1024 3260 Α.)
1063 3207 1128 3247 La
1167 3221 1183 3244 a
1216 3205 1449 3264 proprie'te'
1491 3223 1506 3245 n
1538 3211 1579 3247 et
1615 3204 1662 3247 la
1701 3220 1717 3243 α
1749 3206 1919 3262 ]ἰι.ςει“ςσ
1958 3223 1973 3245 n
2007 3204 2086 3248 des

242 3269 441 3312 moulins
460 3278 499 3312 et
520 3273 650 3326 solers
671 3272 758 3325 (T.)
784 3269 904 3312 dans
930 3272 1033 3312 Rev.
1063 3270 1171 3312 lzt’st.
1199 3273 1327 3314 1886.

303 3339 342 3377 2.
379 3336 628 3378 incendant
653 3335 787 3378 rural
808 3337 982 3391 (maire)
1009 3343 1050 3377 ec
1075 3336 1238 3378 scabin
1266 3351 1323 3379 οιι
1342 3339 1467 3394 juge.

303 3406 342 3444 3.
381 3403 479 3444 Illis
506 3418 551 3444 se
573 3409 791 3461 rapporte
818 3417 903 3444 non
931 3417 1020 3462 pas
1047 3417 1145 3443 auae
1164 3401 1242 3458 fils
1268 3409 1307 3444 ec
1332 3403 1538 3446 herleia-s
1566 3402 1627 3445 du
1655 3410 1809 3459 comte,
1842 3402 1960 3444 mais
1988 3416 2085 3446 aux

246 3482 430 3510 memes.
