2259 3692
934 180 1226 230 -126—

152 308 345 359 libram
384 326 545 358 unam
583 305 925 377 persolvatis,
965 316 1017 356 et
1051 306 1274 375 insuper
1309 304 1454 374 ipsas
1493 322 1578 353 res
1614 303 1906 367 amittatis;
1944 313 1996 353 et

152 397 196 447 si
245 396 366 466 quis
416 415 481 445 ex
527 394 680 445 vobis
728 394 879 465 prior
938 394 1166 454 obierit,
1220 392 1424 462 absque
1472 390 1581 442 ulla
1628 390 1995 442 retardatione

151 484 321 555 ipsius
342 482 585 534 defuncti
613 503 738 553 pars
766 482 832 533 ad
858 493 1103 533 nostrum
1123 480 1510 532 monasterium
1542 489 1843 530 revertatur
1869 499 1994 549 per-

150 572 440 643 petualiter
467 570 817 642 possidenda.
849 572 966 643 Ego
983 569 1156 622 David
1173 569 1310 620 abba
1336 568 1475 618 hanc
1498 567 1849 638 praestariam
1877 566 1995 617 fieri

149 660 312 711 volui.
347 661 402 712 S.
433 660 736 732 Vuargingi
760 659 1030 710 monachi.
1055 660 1110 711 S.
1143 655 1678 710 Gaifredimonachi.
1705 656 1761 707 S.
1792 655 1993 706 Arestii

151 749 420 800 monachi.
474 749 638 800 Facta
688 758 769 799 est
809 748 941 799 haec
990 747 1290 819 praestaria
1339 745 1425 801 die
1481 744 1730 805 Veneris,
1786 742 1994 795 decimo

151 848 344 910 quarto
381 836 634 888 calendas
668 837 833 899 Junii,
874 856 1014 888 anno
1042 836 1205 887 tertio
1238 835 1395 907 regni
1422 832 1650 885 Caroli>

150 1096 216 1142 N⁰
241 1100 336 1147 92.
378 1094 667 1144 Immeuhle
707 1094 871 1143 donne
903 1113 1042 1160 pour
1094 1096 1331 1144 racheter
1382 1113 1477 1143 une
1527 1094 1918 1144 condamnation
1965 1097 1991 1142 ἐι

213 1177 357 1225 avoir
398 1177 444 1225 Ia
486 1176 624 1225 main
666 1177 869 1241 coupe'e.
916 1176 1187 1224 I'romesse
1235 1175 1300 1223 du
1345 1175 1582 1224 criminel
1619 1175 1859 1242 qaranlie
1892 1193 1995 1241 par

213 1258 572 1324 fidejusseursz
606 1257 724 1321 (An.
755 1258 865 1316 858,
891 1257 952 1303 24
975 1256 1099 1321 fe'o.)

749 1426 888 1475 Cart.
920 1426 1119 1485 Redon,
1150 1434 1204 1474 110
1232 1427 1387 1476 CCII.

223 1599 365 1648 Haec
401 1607 545 1648 carta
581 1597 785 1648 indicat
819 1597 1051 1669 qualiter
1087 1597 1236 1649 dedit
1272 1598 1516 1659 Anauan,
1558 1599 1807 1661 clericus,
1846 1619 1993 1649 suam

147 1686 356 1736 vineam
408 1706 511 1756 que
545 1696 626 1736 est
675 1687 728 1736 in
776 1706 872 1736 suo
921 1696 1039 1737 orto
1083 1687 1135 1737 in
1180 1687 1356 1748 Treal,
1399 1689 1598 1738 Sancto
1643 1687 1908 1739 Salvatori
1943 1698 1994 1737 et

150 1775 509 1825 Conuuoiono
557 1775 739 1825 abbati
785 1785 836 1825 et
882 1775 992 1825 suis
1037 1776 1336 1835 monachis,
1377 1777 1430 1826 in
1476 1776 1760 1826 monachia
1803 1776 1993 1846 sempi-

155 1872 327 1923 terna,
371 1883 470 1933 pro
516 1862 894 1933 redemptione
940 1883 1129 1914 manus
1177 1884 1270 1914 sue
1311 1863 1524 1928 dextre,
1585 1884 1745 1935 quam
1782 1863 1993 1934 judica-

146 1960 339 2001 verunt
376 1951 619 2001 incidere
654 1971 716 2001 eo
764 1951 910 2022 quod
943 1952 1115 2002 voluit
1160 1952 1410 2003 occidere
1446 1953 1812 2003 Amauhoiarn
1847 1971 1993 2022 pres-

147 2039 414 2110 byterum,
457 2037 734 2110 flagellans
770 2059 891 2090 eum
930 2060 988 2091 ac
1027 2060 1214 2092 manus
1253 2041 1302 2091 ei
1344 2041 1553 2113 ligans3
1592 2052 1644 2091 et
1689 2040 1839 2091 dedit
1878 2041 1993 2110 ipse

147 2127 301 2177 Anau
328 2126 678 2197 fidejussores
713 2129 766 2178 in
803 2130 1146 2179 securitatem
1196 2130 1353 2179 istius
1400 2130 1520 2180 vine
1558 2130 1642 2180 his
1681 2129 1993 2179 nominibus

148 2216 195 2284 (3
233 2216 415 2284 nones).
459 2217 680 2266 Factum
723 2226 803 2266 est
844 2216 946 2267 hoc
990 2218 1043 2266 in
1087 2218 1416 2267 monasterio
1451 2218 1631 2268 Roton
1665 2237 1711 2267 v.
1753 2217 1901 2267 feria.
1942 2237 1991 2266 vl

150 2302 421 2353 Kalendas
446 2323 610 2354 marc.
643 2303 768 2354 luna
782 2306 877 2357 ΥΠ
908 2325 1086 2355 coram
1108 2305 1290 2356 multis
1316 2305 1592 2356 nobilibus
1611 2306 1740 2356 viris
1765 2325 1994 2376 quorum

149 2391 249 2441 ista
283 2401 408 2441 sunt
441 2392 693 2442 nomina:
733 2392 887 2443 Anau
916 2394 1009 2463 qui
1046 2393 1184 2444 hanc
1221 2393 1569 2444 donationem
1616 2393 1767 2444 dedit
1799 2394 1988 2444 testis:

149 2480 491 2539 Conuuoion,
522 2480 688 2531 abbas
718 2482 803 2549 (20
832 2482 995 2551 noms',⁴
1032 2492 1085 2532 et
1118 2493 1308 2553 postea
1335 2482 1485 2533 dedit
1520 2483 1635 2553 ipse
1662 2482 1815 2533 Anau
1862 2482 1994 2532 alios

147 2566 495 2637 fidejussores
555 2588 784 2638 quorum
841 2570 943 2620 ista
1001 2581 1126 2620 sunt
1180 2571 1398 2621 nomina
1445 2592 1453 2620 :
1527 2572 1575 2639 {ss
1627 2572 1790 2639 rioms)
1848 2570 1994 2641 quod

150 2675 442 2726 numquam
497 2655 698 2707 faceret
748 2657 944 2708 malum
997 2659 1309 2709 hominibus
1361 2660 1546 2710 Sancti
1598 2658 1891 2710 Salvatoris
1943 2668 1994 2708 et

150 2743 536 2794 monachorum
582 2746 696 2814 ejus
741 2765 839 2795 nec
890 2747 944 2796 in
984 2757 1097 2797 tota
1149 2747 1431 2797 monachia
1482 2766 1692 2807 eorum,
1747 2757 1798 2796 et
1849 2746 1994 2816 quod

150 2851 441 2901 numquam
493 2834 852 2883 consenciens
904 2833 1165 2898 facienti3
1214 2846 1267 2885 et
1300 2836 1344 2885 si
1391 2835 1555 2885 sciret
1601 2835 1761 2885 alium
1819 2835 1993 2886 sacere

149 2919 438 2979 volentem,
478 2920 532 2969 in
570 2931 832 2990 quantum
870 2932 1057 2992 posset
1090 2923 1428 2993 prohiberet,
1470 2933 1522 2973 et
1556 2924 1737 2974 abbati
1765 2934 1853 2974 aut
1888 2944 1993 2973 mo-

151 3006 338 3059 nachis
375 3007 476 3057 sito
512 3008 813 3072 indicaret3
857 3019 909 3059 et
945 3010 989 3060 si
1032 3010 1135 3061 hoc.
1183 3021 1461 3072 mutasset,
1508 3012 1614 3082 ipsi
1647 3011 1994 3082 fidejussores

151 3094 423 3164 precium¹
474 3097 589 3165 ejus
636 3096 818 3147 abbati
872 3107 925 3147 et
974 3099 1085 3148 suis
1120 3100 1398 3150 monachis
1448 3099 1698 3162 reddant,
1743 3110 1794 3150 et
1844 3100 1995 3150 illum

151 3201 323 3253 usque
360 3182 426 3233 ad
452 3193 680 3234 mortem
715 3196 1133 3256 persequantur.

212 3390 250 3430 1.
290 3387 491 3431 Amende
517 3404 602 3447 que
628 3392 684 3431 A.
715 3389 891 3433 clem-ait
916 3390 1042 3434 alors
1064 3407 1224 3451 payer.
