2259 3692
213 523 278 569 ΝΟ
308 526 437 572 103.
480 519 619 568 Plait
654 519 838 568 (levant
874 518 962 567 cle-5
999 515 1374 566 commissaires
1400 515 1522 565 d'un
1547 518 1755 584 e‘veffque.
1799 517 1951 566 Ahhe'
1977 537 2052 567 re-

275 601 593 668 vendiquant
619 607 792 649 contre
827 598 915 647 des
942 599 1167 647 hommes
1203 596 1265 645 cle
1294 595 1534 664 l’ahbaye
1560 596 1648 646 cles
1687 604 1848 647 terres
1873 616 2050 658 recites

274 701 335 731 en
367 681 613 748 he'ne'fice,
646 681 774 730 mai-5
808 678 961 748 qu'ils
989 677 1297 745 pretendent
1326 680 1431 727 &tre
1468 677 1578 726 leur
1604 678 1883 744 propriele'.
1923 679 2051 728 Sca-

273 762 407 812 bins.
438 763 648 811 Formes
662 760 975 828 jucliciaires
1000 757 1067 808 clu
1096 758 1232 808 droit
1255 758 1489 808 Seculier.
1523 758 1642 824 (An.
1672 760 1805 824 870.)

653 942 860 1001 perard,
893 941 1017 989 Rec.
1048 942 1374 1005 Bourgogne,
1407 959 1457 1006 p.
1491 942 1600 989 150.

281 1103 503 1164 Notitia,
543 1101 774 1173 qualiter
800 1101 1022 1152 veniens
1056 1101 1110 1151 in
1137 1111 1373 1152 castrum
1399 1101 1614 1152 Divion.
1648 1101 1853 1153 Bertilo
1889 1104 2048 1154 Core-

209 1193 465 1264 piscopus
507 1201 559 1242 et
600 1190 782 1241 Abbas
826 1189 996 1240 sancti
1039 1189 1291 1260 Benigni,
1341 1189 1396 1239 in
1431 1189 1686 1240 solarium
1721 1191 1893 1241 sancti
1927 1192 2049 1242 Ste-

208 1280 376 1351 phani
425 1299 587 1350 super
641 1298 822 1329 muros
876 1277 1132 1348 positum,
1194 1297 1373 1328 coram
1429 1277 1605 1328 missis
1663 1278 1848 1328 domni
1903 1280 2050 1329 Isaac

206 1367 530 1420 venerabilis
552 1366 826 1438 Episcopi,
850 1365 1112 1416 Berfredo
1128 1365 1379 1416 videlicet
1397 1365 1608 1416 Abbate
1625 1377 1677 1416 et
1696 1366 2046 1428 Mummione,

208 1467 368 1527 atque
403 1454 707 1515 Brunardo,
744 1453 957 1504 vasallis
998 1453 1188 1524 ipsius,
1235 1453 1571 1524 caeterisque
1613 1453 2045 1525 quampluribus,

207 1543 573 1614 interpellavit
607 1542 868 1613 quosdam
901 1542 1148 1592 homines
1183 1541 1354 1592 sancti
1397 1542 1630 1614 Benigni
1671 1541 2044 1603 Bonefridum,

207 1642 258 1682 01
294 1631 666 1691 Eversredum,
704 1650 763 1681 ac
802 1629 1111 1690 Radulfuln,
1144 1629 1473 1680 cohaeredes
1502 1650 1718 1701 quoque
1744 1650 1949 1691 eorum,
1983 1630 2048 1681 de

206 1720 369 1771 rebus
418 1719 563 1771 beati
615 1718 849 1791 Benigni
897 1718 1013 1768 sitis
1060 1718 1115 1768 in
1162 1718 1287 1769 villa
1337 1718 1654 1779 Ischiriaco,
1708 1718 2048 1789 proclamans

209 1809 462 1880 quoniam
487 1819 640 1879 pater
675 1827 862 1858 eorum
888 1807 1265 1879 Burigerinus,
1297 1817 1348 1858 et
1375 1806 1472 1857 filii
1497 1806 1611 1857 eius
1640 1806 1966 1858 Everfredus
1998 1817 2050 1858 et

209 1897 425 1957 Barlus,
476 1917 563 1947 eas
607 1916 706 1966 pro
752 1895 1017 1946 beneficio
1061 1905 1336 1956 tenuerat,
1386 1906 1438 1946 et
1479 1895 1557 1945 illi
1598 1895 1736 1946 malo
1771 1895 1962 1946 ordine
1996 1895 2050 1945 in

207 1986 444 2056 propriis
476 1985 664 2036 usibus
696 1985 1032 2055 usurpabant
1065 1981 1338 2034 alodum&
1376 1994 1428 2034 et
1462 1983 1527 2034 de
1561 1984 1665 2034 hoc
1696 1994 1863 2034 testes
1897 1983 2052 2034 adhi-

209 2074 325 2125 buit
368 2073 678 2144 praedictus
712 2072 886 2133 Abba,
935 2072 1027 2143 qui
1063 2072 1136 2123 ita
1181 2092 1298 2122 0550
1332 2072 1387 2122 111
1422 2072 1671 2122 omnibus
1711 2082 2047 2132 attestantes,

209 2162 610 2213 affirmaverunt
646 2161 782 2211 sicut
819 2160 909 2211 ille
945 2160 1178 2222 (licebat,
1217 2160 1301 2210 his
1335 2160 1665 2221 nominibus,
1706 2159 2047 2221 Trudulsum,

209 2250 525 2310 Servadum,
539 2248 888 2310 Vulfannum,
911 2250 1173 2320 Moysem,
1197 2248 1636 2320 Madelgaudum,
1651 2248 2048 2308 Ysembertum,

207 2338 565 2410 Magnarium,
605 2337 997 2398 Grimbertum,
1043 2336 1396 2397 Baldoinum,
1441 2335 1755 2387 Alduinum.
1808 2338 2051 2406 Cumque

210 2425 494 2496 quamdam
521 2425 804 2475 adversum
827 2425 926 2475 hos
951 2435 1117 2475 testes
1146 2424 1392 2474 notitiam
1419 2423 1805 2485 ostendissent,
1836 2434 1888 2474 et
1914 2423 2048 2475 lecta

209 2513 262 2563 in
306 2523 599 2583 conspectu
644 2513 910 2563 bonorum
955 2512 1234 2562 hominum
1278 2511 1480 2562 ibidem
1524 2511 1870 2572 adstantium,
1920 2511 2050 2562 falsa

211 2600 399 2652 suisset
441 2601 808 2672 comprobata,
855 2600 1188 2651 diudicatum
1232 2610 1331 2661 est,
1381 2610 1439 2650 ut
1490 2599 1958 2671 interrogarentur
2008 2599 2052 2649 si

209 2700 375 2740 testes
421 2709 485 2740 ex
528 2699 680 2760 parte
727 2689 898 2740 sancti
943 2688 1177 2761 Benigni
1221 2688 1529 2759 reciperent
1575 2688 1667 2759 qui
1712 2687 1845 2738 haec
1884 2697 2050 2738 testa-

211 2778 426 2838 bantur,
487 2777 633 2848 quod
690 2797 810 2828 011111
865 2776 1073 2828 devecti
1137 2777 1208 2828 ita
1273 2796 1328 2827 50
1384 2775 1560 2827 facere
1616 2775 2047 2847 respondissent,

211 2875 525 2936 praesentes
568 2865 949 2936 judicaverunt
998 2864 1273 2925 scabinei,
1327 2884 1446 2915 cum
1500 2863 1616 2915 aliis
1665 2863 2053 2915 adsistentibus

212 2953 543 3014 hominibus,
588 2963 646 3004 ut
688 2973 773 3005 res
818 2953 1116 3004 secundum
1158 2952 1333 3025 legem
1367 2952 1662 3003 redderent
1694 2951 2050 3023 supradictas,

214 3039 398 3110 sicque
432 3039 709 3101 facientes,
738 3061 856 3092 cum
884 3041 1087 3092 festuca
1115 3061 1170 3091 se
1198 3041 1252 3091 in
1280 3040 1530 3091 omnibus
1557 3050 1745 3091 exutos
1781 3039 2051 3100 dixerunt,

212 3137 263 3177 et
315 3147 411 3197 per
467 3127 718 3196 vuadium
767 3128 1009 3199 praefato
1062 3128 1260 3179 Abbati
1313 3138 1366 3178 01
1420 3128 1596 3178 11115515
1653 3127 1857 3178 domini
1910 3128 2056 3177 Isaac

215 3213 592 3266 reddiderunt.
625 3217 786 3266 Facta
814 3227 894 3266 est
920 3216 1022 3266 hoc
1049 3215 1188 3288 lege,
1219 3216 1303 3266 his
1331 3216 1730 3286 praesentibus,
1762 3213 2055 3267 Bersredus

274 3397 312 3435 l.
348 3394 429 3449 Ici,
459 3409 561 3436 sens
590 3393 643 3435 cle
665 3394 897 3452 propritile'
921 3396 1094 3452 oppose'
1116 3395 1143 3435 ἁ
1165 3394 1373 3451 benefice.
