2259 3692
1118 215 1412 263 —214-

335 342 390 393 in
442 341 678 392 erastino
729 361 784 392 se
827 361 936 392 non
980 341 1261 392 defuturos
1307 340 1672 392 defensantes.
1725 344 1979 394 Monachi
2025 364 2177 406 vero,

337 430 503 481 altera
539 429 644 490 die,
692 430 970 481 matutinis
1006 429 1313 490 celebratiS,
1361 449 1483 480 mox
1515 429 1759 481 tulerunt
1801 432 2016 483 archam
2058 433 2182 486 Vic-

334 517 468 569 toris
511 517 676 579 beati,
727 528 780 569 et
827 528 1095 569 venerunt
1136 528 1259 568 ante
1310 517 1580 569 civitatem
1622 518 1677 569 in
1726 519 1962 571 medium
2010 522 2177 592 prati,

336 606 553 677 duoque
583 626 764 658 secum
792 606 1057 668 advocati⁷
1097 617 1298 657 cartam
1336 606 1507 677 ipsius
1543 606 1716 657 alodis
1760 607 2053 660 defendere
2087 630 2182 681 pa-

335 695 455 755 rati,
504 715 623 746 cum
667 715 793 746 ecce
838 695 1068 766 plurima
1120 694 1412 746 multitudo
1463 695 1633 766 ipsius
1682 696 1853 757 urbis,
1899 698 2182 769 utriusque

335 804 512 845 sexus,
559 783 738 835 mixtis
781 784 977 845 turbis,
1031 794 1298 835 venerunt
1343 783 1408 835 ad
1459 783 1694 835 martiris
1745 785 1961 836 archam
2003 786 2182 857 popli-
2250 833 2252 837 ,

332 872 479 923 tibus
508 872 702 923 curvis.
743 874 894 924 Tunc
929 873 1000 924 ita
1051 873 1280 923 domnus
1328 872 1616 927 XVilelmus
1642 873 1943 924 vicecomes
1995 874 2181 946 loquu-

332 971 419 1012 tus
454 972 535 1012 est
569 960 634 1012 ad
668 961 790 1012 illos
834 961 1103 1012 alodarios
1138 982 1355 1012 omnes:
1399 984 1423 1010 t<
1461 961 1742 1013 Admoneo
1775 983 1868 1013 vos
1908 973 1966 1014 ut
1999 983 2182 1015 servos

333 1049 435 1100 Dei
468 1048 609 1101 ultra
629 1069 738 1100 non
765 1049 981 1111 fallatis,
1014 1060 1104 1101 aut
1129 1060 1307 1101 vestra
1324 1049 1617 1101 calliditate
1647 1050 1900 1122 decipere
1928 1052 2176 1123 cupiatis,

334 1157 400 1189 ne
428 1137 566 1189 forte
600 1138 734 1189 iram
768 1138 871 1189 Dei
896 1138 1207 1200 incurratis,
1240 1148 1292 1189 et
1324 1139 1379 1188 in
1415 1150 1711 1210 conspectu
1747 1142 1862 1210 ejus
1896 1140 2116 1192 cadatis.
2152 1163 2177 1190 ›>

335 1226 598 1278 Similiter
636 1226 834 1277 domna
871 1227 1166 1298 Stephana,
1197 1247 1331 1278 uxor
1358 1229 1493 1298 ejus,
1526 1238 1578 1278 et
1606 1227 1801 1279 domna
1837 1228 2015 1290 Odila,
2047 1250 2180 1281 uxor

333 1315 514 1366 fratris
542 1317 677 1386 chS,
717 1315 905 1366 fideles
934 1316 1106 1366 sancti
1139 1315 1394 1376 VictoriS‚
1427 1316 1662 1388 agebant
1688 1317 2013 1368 omnimodis
2049 1339 2180 1389 qua-

331 1403 477 1455 tinus
535 1403 744 1455 stabilis
793 1415 936 1456 esset
985 1415 1129 1456 carta
1194 1404 1499 1456 donatoris.
1556 1407 1800 1456 Domnus
1855 1406 2022 1457 Fulco
2071 1426 2180 1458 non

333 1503 548 1564 poterat
580 1493 769 1544 adesse
797 1504 1024 1564 propter
1050 1493 1180 1544 alias
1209 1514 1396 1544 causas
1440 1514 1544 1565 que
1587 1505 1741 1545 erant
1783 1494 1899 1546 fieri
1933 1515 2175 1547 necesse.

334 1581 444 1633 Sed
479 1581 709 1633 domnus
751 1582 1060 1642 XVilelmus,
1108 1582 1273 1633 frater
1308 1582 1473 1643 illius,
1519 1594 1745 1654 propter
1779 1604 1834 1634 se
1870 1595 1922 1635 et
1955 1595 2180 1656 propter

331 1669 502 1731 illum,
533 1671 759 1743 regebat
792 1671 965 1722 sancti
997 1671 1234 1724 Victoris
1269 1671 1542 1722 vexillum.
1591 1673 1702 1724 Nec
1745 1672 2180 1744 multipendebat

331 1779 586 1831 magnum
642 1770 731 1810 aut
778 1759 1056 1830 pusillum,
1119 1760 1243 1831 quia
1302 1760 1573 1831 cupiditas
1622 1781 1730 1811 non
1786 1761 1986 1812 vicerat
2034 1781 2172 1813 eum.

332 1848 576 1919 Cumque
617 1848 864 1899 homines
906 1848 1188 1900 furibundi
1230 1848 1478 1900 viderent
1524 1869 1579 1900 se
1623 1869 1649 1900 a
1690 1849 2052 1921 potestatibus
2093 1870 2179 1901 re-

329 1935 517 1997 tundi,
571 1936 936 2008 timerentque
976 1937 1174 1988 virtute
1229 1937 1465 1989 martiris
1507 1938 1802 1999 confundi,
1857 1938 2178 1990 aecedentes

331 2024 398 2076 ad
431 2025 647 2075 archam
690 2026 861 2076 saneti
902 2026 1139 2079 Victoris
1178 2027 1545 2087 tremebundi,
1594 2027 1956 2078 reddiderunt
2003 2028 2178 2098 ipsum

332 2112 542 2164 alodem
579 2113 892 2164 verecundi.
936 2114 1044 2165 Sed
1086 2114 1191 2165 duo
1234 2114 1409 2165 adhue
1450 2115 1790 2166 obsistebant
1836 2116 2173 2186 pestilentes,

331 2201 424 2272 qui
450 2201 773 2252 videbantur
799 2202 921 2273 plus
948 2213 1209 2274 agrestes.
1244 2203 1330 2253 Hii
1350 2203 1549 2274 itaque,
1580 2214 1768 2255 contra
1800 2204 1901 2254 Dei
1922 2203 2177 2274 juditium

330 2289 566 2341 nitentes
603 2290 927 2362 conquirere
975 2291 1078 2342 sibi
1121 2291 1527 2353 adminiculum,
1568 2291 1715 2363 quod
1750 2292 1826 2343 eis
1861 2293 2029 2365 magis
2080 2292 2178 2344 fuit

329 2378 383 2429 in
426 2378 751 2449 periculum,
801 2380 1120 2451 cunctisque
1165 2380 1510 2431 audientibus
1556 2381 1750 2452 ingens
1799 2381 2003 2432 exstitit
2054 2382 2176 2433 ridi-

330 2466 527 2518 culum.
561 2467 825 2519 Tulerunt
860 2468 963 2518 sibi
998 2468 1063 2519 de
1090 2469 1284 2540 plateis
1320 2489 1485 2520 unum
1506 2469 1807 2540 parvulum,
1841 2490 1999 2541 quem
2026 2471 2176 2521 resti-

330 2555 448 2607 cula
480 2556 782 2607 vincientes
810 2559 1162 2627 projecerunt
1196 2558 1251 2608 in
1279 2558 1607 2629 stagnulum.
1640 2557 1728 2619 At,
1759 2558 1852 2609 ubi
1880 2578 2002 2609 eum
2035 2559 2176 2610 vide·

330 2654 456 2695 runt
491 2664 681 2715 aquam
723 2665 832 2695 non
870 2656 1168 2717 receptum,
1217 2647 1471 2719 cognovit
1504 2666 1559 2697 se
1593 2657 1823 2718 uterque
1866 2646 2170 2718 deceptum.

329 2732 406 2783 Ae
455 2753 578 2783 mox
625 2732 985 2785 reddiderunt
1041 2735 1217 2805 ipsum
1275 2735 1486 2786 alodem
1540 2745 1828 2796 retentum,
1891 2735 2037 2806 quod
2085 2735 2173 2786 diu

329 2830 619 2872 tenuerant
650 2841 748 2892 per
777 2833 1166 2894 contemptum.

402 2908 595 2960 Adhuc
639 2919 816 2960 autem
860 2930 986 2980 pars
1035 2911 1263 2962 maxima
1313 2911 1483 2981 ipsius
1534 2910 1711 2961 alodio
1751 2912 1956 2982 captiva
2003 2931 2175 2962 rema-

331 2996 513 3057 nebat,
553 3016 712 3067 quam
748 2997 909 3048 etiam
934 2998 1128 3070 vulgus
1172 2999 1343 3049 saneti
1384 2998 1619 3052 Victoris
1654 3018 1762 3049 non
1812 3000 2174 3071 episcopalem

331 3103 450 3135 esse
498 3083 730 3136 dicebat.
784 3087 888 3137 Pro
925 3106 1028 3156 qua
1069 3086 1534 3157 interpellavinms
1571 3086 1827 3138 domnum
1861 3087 2175 3158 episcopum

331 3172 581 3234 civitatiS,
622 3183 674 3223 et
706 3183 836 3224 tune
865 3174 1051 3245 utique
1087 3194 1195 3225 non
1231 3175 1331 3226 suit
1359 3177 1473 3245 ejus
1506 3175 1798 3226 voluntatis
1831 3186 1889 3226 ut
1921 3175 2175 3226 redderet

330 3279 444 3310 eam
474 3260 584 3330 juri
626 3260 912 3312 libertatis.
948 3262 1076 3323 Sed,
1114 3273 1238 3333 post
1271 3283 1473 3334 paucos
1510 3263 1625 3314 dies
1653 3264 1813 3334 hujus
1858 3264 2173 3334 interpella-

327 3347 511 3407 tionis,
542 3349 782 3418 perrexit
815 3349 881 3399 ad
930 3351 1333 3411 monasterium,
1381 3371 1538 3402 eausa
1578 3351 1758 3423 vigilie
1793 3363 1846 3402 et
1889 3351 2167 3402 orationis.

330 3434 684 3488 Illucescentc
714 3458 838 3488 vero
867 3458 1021 3489 mane
1050 3438 1218 3509 ipsius
1256 3439 1524 3490 dominice
1567 3439 2002 3501 resurrectionis,
2048 3448 2172 3510 post
