2259 3692
1149 133 1377 182 -ρ-

336 267 655 330 prosecutor
696 258 956 309 exsistere
1005 258 1262 319 deberit¹,
1301 257 1532 329 qualiter
1566 256 1894 317 mandatum,
1933 276 2092 327 quam
2125 257 2179 307 in

336 346 649 397 dulcissimo
685 344 869 397 localib
902 366 1021 397 meo
1059 346 1152 396 illo
1185 345 1272 396 fici
1307 366 1406 416 pro
1441 345 1615 396 omnis
1655 344 1990 395 causacionis
2030 364 2171 406 suaS,

334 445 441 485 tam
468 435 519 484 in
549 454 683 505 paco
711 454 870 505 quam
897 444 949 484 et
976 434 1030 484 in
1056 434 1266 505 palacio
1295 454 1388 484 scu
1416 433 1469 484 in
1498 433 1740 504 qualibet
1767 432 1902 493 loca,
1934 432 2180 484 accidere

332 523 507 583 saciat,
547 521 665 572 illas
699 523 988 593 porciones
1023 542 1186 582 meas,
1225 542 1385 592 quem
1422 541 1486 572 ex
1518 519 1686 572 alote²
1719 530 2006 591 parentum
2039 540 2181 572 meo-

331 630 449 660 rum
487 610 568 660 aei
606 610 819 681 legibus
853 610 1073 661 obvenit
1114 609 1197 660 vel
1243 609 1501 660 obvenire
1548 609 1718 669 debit,
1757 619 1845 659 aut
1880 608 2176 660 iustissime

333 698 410 748 aei
440 708 520 747 est
547 697 924 759 reddebetum,
957 708 1208 748 accontra
1246 697 1487 768 parentis
1524 696 1633 747 suis
1664 696 1747 747 vel
1783 706 1970 746 eontra
2009 696 2180 747 cuius-

333 785 466 836 libet
499 786 774 836 hominem
802 785 1049 837 accidere
1076 786 1158 837 vel
1193 785 1483 836 admallare
1519 805 1613 835 seu
1646 795 1699 835 et
1734 784 1971 834 liticare⁶
1996 783 2176 844 facias,

334 874 579 943 inspecto
619 873 711 923 illo
758 874 1029 935 mandato,
1069 894 1228 945 quem
1263 874 1317 924 in
1353 873 1682 923 dulcissemo
1721 871 1879 923 iocali
1924 891 2042 922 meo
2088 871 2182 922 illo

332 961 533 1011 habere
580 961 735 1022 dicis,
773 962 1002 1033 accipiat
1039 963 1119 1012 vir
1164 961 1491 1013 venerabilis
1531 960 1611 1011 illi
1652 960 1911 1011 diaconus
1949 969 2002 1010 et
2047 979 2181 1010 ama-

334 1048 591 1099 nuensis3
612 1071 659 1100 ».
702 1050 785 1100 Illi
811 1061 1133 1121 prosecutor
1162 1050 1296 1101 dixit
1327 1071 1336 1100 :
1371 1072 1396 1099 «
1429 1051 1582 1121 Rogo
1619 1048 1818 1099 domno
1847 1047 1979 1098 meis
2015 1048 2182 1098 omni-

334 1137 433 1187 bus
466 1137 720 1208 pupliciS,
761 1149 817 1188 ut
844 1138 993 1188 'sicut
1031 1138 1342 1189 mandatum
1387 1138 1549 1187 istum
1588 1137 1814 1209 legebus
1850 1135 2183 1208 cognovistis

334 1244 451 1275 esse
478 1224 695 1285 factum,
734 1236 791 1276 ut
820 1225 1020 1286 dotem,
1061 1246 1221 1296 quem
1256 1245 1352 1296 per
1380 1225 1641 1275 manebus
1667 1224 1836 1284 tenio,
1873 1223 2027 1274 vobis
2060 1243 2180 1293 pre-

333 1313 579 1363 sentibus
607 1313 661 1363 in
689 1312 806 1363 foro
832 1313 1054 1384 puplico
1089 1313 1318 1364 iobeatis
1352 1313 1583 1363 recitare
1613 1334 1661 1363 ».
1695 1312 1857 1363 Curia
1882 1330 2009 1362 vero
2040 1310 2182 1361 dixe-

332 1411 459 1450 runt
505 1421 514 1450 :
564 1423 589 1450 ((
626 1403 841 1462 Dotem,
892 1421 1052 1472 quem
1089 1411 1142 1451 te
1182 1401 1318 1451 dicis
1368 1421 1465 1471 per
1508 1400 1756 1451 manibus
1800 1399 2057 1459 retenire,
2105 1398 2184 1448 illi

335 1487 594 1539 diaconus
643 1500 695 1539 et
739 1490 1082 1540 amanuensis
1129 1489 1431 1540 Andecavis
1490 1489 1715 1539 civetate
1761 1488 1919 1538 nobis
1965 1506 2186 1557 presen-

332 1576 478 1626 tibus
507 1577 736 1647 accipiat
770 1577 1125 1649 relegendum
1161 1599 1208 1627 )).
1251 1579 1370 1642 Quo
1399 1587 1623 1647 accepto
1659 1576 1795 1627 dixit
1833 1597 1842 1626 :

712 1751 781 1815 (Z.
817 1755 836 1798 1
867 1751 921 1818 h)
952 1753 1135 1817 Incipit
1161 1753 1430 1800 mandatus
1462 1753 1541 1817 (R.
1577 1751 1637 1800 G.
1670 1753 1802 1814 260).

411 1951 436 1978 ((
474 1929 687 1980 Domno
723 1929 855 1979 inihi
889 1929 1047 1979 iocali
1075 1949 1194 1979 11100
1231 1929 1343 1979 illo.
1386 1932 1539 2002 Rogo
1576 1929 1751 1999 adque
1789 1925 2037 1997 supplico
2072 1924 2184 1975 dul-

336 2017 550 2068 cissima
583 2017 762 2089 gracia
789 2028 984 2078 vestra,
1024 2028 1082 2067 ut
1116 2017 1182 2068 ad
1215 2017 1387 2068 vicem
1421 2038 1593 2068 meam
1637 2016 1812 2067 omnis
1849 2013 2184 2066 causacionis

335 2116 566 2166 nostras,
611 2116 719 2155 tam
761 2105 815 2155 in
863 2126 1002 2177 pago
1046 2126 1205 2175 quam
1251 2116 1302 2155 et
1344 2106 1398 2155 in
1448 2104 1684 2176 palaciffl
1711 2124 1802 2155 seo
1845 2103 1900 2154 in
1944 2101 2185 2173 qualibet

335 2193 516 2264 loqua,
559 2193 805 2244 accidere
841 2193 1068 2253 faciatis,
1118 2204 1170 2243 et
1210 2194 1329 2244 illas
1373 2192 1691 2265 porciones5
1719 2202 1952 2252 nostras,
1991 2209 2186 2260 quaem

336 2301 400 2332 ex
433 2282 573 2332 alote
607 2291 893 2352 parentum
922 2301 1165 2332 nieorum
1193 2282 1325 2332 mihi
1351 2281 1564 2353 legibus
1600 2281 1885 2332 obvenisse
1910 2279 1993 2330 vel
2028 2279 2183 2329 obve-

336 2370 453 2420 nire
481 2369 650 2430 debit,
690 2379 779 2420 aut
817 2369 1111 2420 iustissime
1151 2370 1309 2420 nobis
1348 2380 1429 2420 est
1462 2369 1790 2429 redebitum,
1828 2368 1962 2418 haec
1998 2376 2185 2418 contra

336 2458 577 2528 parentis
621 2477 770 2508 meus
815 2457 896 2507 vel
937 2468 1124 2508 contra
1170 2457 1449 2508 cuiuslibit
1493 2457 1774 2508 hominum
1813 2455 2059 2507 accidere
2100 2452 2185 2504 vel

395 2728 440 2784 b)
475 2732 601 2772 Pom·
640 2730 798 2786 iugali,
844 2730 1009 2787 e'poux.
1050 2753 1104 2760 —-
1141 2731 1182 2784 c)
1224 2730 1314 2770 Lis.
1359 2729 1580 2778 eliticare,
1619 2743 1691 2786 οιι,
1723 2742 1890 2770 comme
1920 2725 2033 2785 plus
2079 2724 2178 2781 has,

339 2796 594 2837 adliticare.

395 2916 433 2955 1.
471 2916 600 2955 Dans
627 2911 673 2954 la
701 2911 990 2954 declaration
1019 2911 1302 2968 demandat,
1327 2912 1567 2966 confusion
1595 2910 1649 2952 de
1671 2924 1920 2969 ρει-50111165
1951 2907 2052 2965 due,
2093 2908 2186 2950 soit

339 2994 401 3020 (ιιι
427 2977 684 3033 νέᾱαείειιν,
711 2979 804 3020 soit
829 2994 890 3020 au
919 2978 1235 3020 mczndalalre.

396 3047 437 3088 2.
471 3045 552 3100 lei,
580 3045 795 3100 lie'ritage.

396 3113 436 3153 3.
472 3110 733 3152 Reductem·
769 3110 823 3152 cle
862 3109 1082 3166 formales
1123 3110 1329 3165 (dictare)
1358 3124 1415 3151 ou
1441 3109 1620 3151 notaire
1646 3106 1857 3151 re'sc'danc
1905 3107 1933 3148 ὰ
1988 3108 2178 3162 Angers,

340 3177 436 3235 qui,
465 3177 539 3232 ici,
570 3184 635 3218 est
662 3192 719 3218 un
748 3176 904 3218 diacre
924 3192 936 3217 :
956 3177 1050 3218 rien
1070 3176 1305 3233 n’indl'que
1332 3191 1416 3233 qne
1443 3192 1488 3216 ce
1513 3175 1605 3217 soit
1627 3190 1684 3216 un
1704 3173 1882 3215 ιιοιαιἸ-(ῑ
1906 3171 2079 3229 officiel,
2102 3170 2182 3227 (du

340 3249 513 3293 comte).

399 3310 438 3351 4.
482 3308 707 3350 Trihunal
731 3307 794 3350 du
817 3322 971 3367 pagus
994 3323 1053 3350 ou
1076 3307 1263 3350 district
1288 3306 1351 3349 du
1374 3315 1529 3363 comte,
1560 3313 1600 3349 et
1627 3303 1837 3348 tribunal
1858 3302 1920 3345 du
1946 3302 2033 3345 roi.

399 3376 440 3417 5.
478 3377 558 3416 Les
584 3373 672 3417 lots
699 3389 756 3417 οιι
778 3381 914 3433 parts
941 3373 1192 3430 d'lze‘rc'cage
1218 3372 1334 3431 qzc’c'l
1352 3381 1466 3432 peut
1489 3373 1618 3416 avoir
1643 3371 1763 3414 dans
1790 3369 1938 3412 divers
1961 3367 2103 3410 lieux.
