2259 3692
1045 195 1335 245 -206—

263 327 434 377 sancti
469 326 703 379 Victoris
753 324 989 375 martiris
1035 321 1296 384 Alardus3
1335 321 1766 372 reclamaverunt
1807 341 1863 372 se
1898 320 1965 373 de
2000 323 2109 375 Ro-

265 414 414 466 dulfo
450 415 709 485 episcopo
743 422 796 463 et
822 411 888 463 de
924 413 1108 463 Imone
1135 410 1218 462 vel
1254 409 1319 461 de
1355 410 1502 480 ipsos
1535 408 1787 471 heredes,
1819 409 1911 481 qui
1938 410 2109 481 ipsam

262 513 462 554 terram
488 511 679 553 tenent
717 500 1041 552 Camaricas.
1081 499 1206 553 Fuit
1240 497 1605 549 Heldebertus
1635 497 1868 569 judices,
1900 500 2110 551 Garbe-

262 590 361 642 dus
391 589 626 662 judices,
664 590 718 640 in
758 590 876 660 ipso
912 588 1134 660 placito,
1175 587 1299 659 quia
1335 587 1451 658 ipse
1490 585 1759 638 Rodulfus
1794 597 1847 638 et
1880 588 1985 658 ipsi
2012 589 2109 640 he-

260 679 418 731 redes
467 680 638 750 ipsam
696 689 897 730 terram
957 677 1096 729 malo
1146 675 1338 728 ordine
1392 675 1655 726 tenebant
1703 686 1892 727 eontra
1936 677 2108 748 ipsam

261 768 544 820 ecelesiam
571 768 745 819 sancti
777 767 1033 821 Victoris.
1071 765 1234 819 Venit
1275 765 1566 836 episcopus
1608 764 1836 816 Pontius
1871 774 1923 816 et
1963 764 2107 816 Ada-

261 856 442 908 lardus
478 857 672 919 abbas;
702 856 991 907 voluerunt
1020 857 1203 926 jurare
1230 864 1282 905 et
1308 854 1542 924 probare
1571 873 1690 904 cum
1715 853 1948 904 testibus
1974 852 2102 904 suiS.

261 966 491 1017 quorum
519 945 737 996 nomina
770 945 871 995 hee
913 954 1040 995 sunt
1079 964 1087 994 z
1121 943 1355 995 Arberto
1390 942 1698 1013 presbitero
1733 952 1786 992 et
1826 941 2108 993 Bernardo

261 1035 544 1085 monacho.
577 1036 860 1088 Venerunt
893 1043 1017 1083 ante
1053 1032 1219 1083 altare
1248 1041 1432 1082 sancte
1461 1031 1650 1091 Marie,
1684 1029 1849 1101 quod,
1890 1031 1932 1081 si
1962 1033 2108 1081 Deus

259 1122 365 1173 illis
431 1122 754 1193 adjuvasset,
804 1121 1094 1172 voluerunt
1136 1122 1320 1190 jurare
1372 1119 1437 1170 de
1487 1119 1577 1170 illa
1625 1119 1750 1170 villa
1802 1120 2106 1170 Camaricas

257 1221 424 1262 totam
450 1211 674 1261 terciam
707 1220 936 1280 partem,
977 1219 1029 1259 et
1063 1209 1207 1279 ipsas
1243 1207 1515 1258 colonicas
1549 1217 1660 1257 tres
1696 1207 1871 1267 absas,
1915 1206 2106 1257 melius

259 1299 421 1350 dehet
448 1319 566 1350 esse
602 1309 789 1350 sancto
823 1297 1031 1350 Yictori
1064 1317 1223 1368 quam
1257 1295 1495 1348 Rodulfo
1534 1296 1793 1366 episcopo
1829 1305 1881 1345 et
1922 1297 2106 1345 lmone

256 1388 339 1439 vel
367 1389 514 1460 ipsos
540 1387 772 1439 heredes
817 1387 909 1459 qui
943 1387 1115 1458 ipsam
1148 1396 1349 1436 terram
1390 1385 1652 1435 tenebant
1686 1393 1874 1434 contra
1907 1383 2102 1455 legem.

258 1478 453 1528 Postea
493 1486 930 1549 recognoverunt
972 1496 1027 1526 se
1061 1475 1177 1546 ipse
1212 1473 1482 1526 Rodulsus
1517 1482 1569 1523 et
1606 1474 1717 1524 Imo
1755 1471 1838 1523 vel
1872 1471 1977 1543 ipsi
2017 1472 2105 1522 he-

261 1565 434 1627 redes,
465 1567 846 1639 guirpiverunt
872 1575 923 1616 et
961 1566 1015 1616 in
1048 1574 1195 1615 terra
1221 1565 1580 1634 jactaverunt,
1624 1572 1677 1612 et
1711 1560 2107 1632 stipulaverunt

262 1656 310 1705 in
339 1676 498 1706 manu
525 1655 782 1707 Pontioni
816 1653 1079 1725 episcopi,
1118 1663 1170 1704 et
1197 1653 1251 1703 in
1290 1672 1450 1702 manu
1478 1649 1750 1702 Adalrado
1796 1650 2012 1710 abbato,
2050 1649 2102 1698 in

258 1745 533 1815 presentia
567 1743 838 1796 Guilelmo
867 1743 1062 1793 comite
1096 1752 1149 1793 et
1186 1740 1518 1792 Heldeberto
1548 1739 1732 1810 judice
1772 1749 1824 1789 et
1862 1737 2104 1791 Garbido

253 1833 456 1903 judice,
507 1843 559 1883 et
605 1832 839 1883 Aicardo
883 1842 935 1882 et
977 1830 1250 1884 Guilelmo
1293 1839 1346 1880 et
1395 1829 1663 1881 Pontione
1721 1837 1774 1878 et
1814 1830 2003 1878 Jonam
2053 1835 2105 1876 et

258 1922 444 1972 Amico
497 1931 549 1972 et
582 1921 790 1973 Tassilo
833 1931 885 1972 et
928 1919 1194 1992 Leugerio
1236 1930 1288 1969 et
1323 1917 1592 1969 Leusreclo
1642 1927 1695 1967 et
1739 1915 2007 1968 Pontione
2053 1924 2105 1965 et

259 2013 491 2061 Castone
528 2020 579 2060 ct
607 2010 724 2060 aliis
751 2009 937 2080 plures
964 2009 1123 2059 bonis
1158 2007 1489 2067 hominibus,
1520 2016 1627 2056 tam
1655 2004 1916 2055 satellites
1945 2023 2103 2074 quam

257 2119 542 2171 pagenses,
583 2097 852 2169 quidquid
893 2098 947 2148 in
981 2096 1331 2168 presentibus
1373 2094 1618 2165 partibus
1654 2093 1816 2143 fuerit
1850 2091 2103 2142 hordina-

261 2198 389 2247 tum,
429 2187 653 2237 habebit
686 2186 1057 2257 plenissimam
1092 2184 1399 2235 firmitatem
1433 2202 1532 2232 nec
1570 2181 1773 2252 poterit
1807 2179 2096 2230 immutari.

260 2276 464 2345 Siquis
500 2285 622 2326 ante
660 2274 909 2345 principe
938 2293 1034 2345 per
1063 2272 1328 2344 judicium
1358 2270 1558 2342 judicis
1594 2269 1756 2321 fuerit
1796 2267 2096 2328 definitum,

260 2383 355 2413 nee
389 2363 590 2433 poterit
624 2363 899 2423 inmutari,
939 2361 1034 2413 sed
1059 2371 1249 2432 postea
1280 2369 1546 2429 temptare
1572 2357 1823 2417 voluerit,
1855 2357 1903 2406 X
1936 2355 2101 2406 libras

258 2453 371 2503 auri
397 2472 514 2502 esse
551 2449 972 2523 dampnandum.

329 2540 657 2591 Adalbertus
690 2540 981 2610 presbiter,
1019 2538 1316 2594 XVarbidus
1343 2537 1634 2609 presbiter.

327 2631 489 2680 Facta
523 2628 713 2679 notitia
748 2629 848 2679 ista
876 2628 929 2678 in
964 2627 1050 2678 die
1084 2627 1363 2686 mercoriS‚
1402 2627 1455 2676 in
1484 2625 1607 2676 villa
1640 2626 1946 2683 Manoasca,
1978 2632 2100 2673 ante

256 2717 484 2768 ecclesie
520 2727 703 2767 sancte
753 2716 942 2777 Marie,
990 2717 1090 2767 IIII
1126 2735 1296 2767 nonas
1326 2715 1558 2785 januari,
1601 2732 1741 2764 anno
1783 2712 1977 2762 XLIIII
2013 2730 2098 2760 re-

255 2816 456 2877 gnante
492 2805 763 2865 Conrado,
802 2825 931 2876 rege
960 2804 1380 2855 Alamannorum
1419 2802 1527 2852 sive
1570 2799 1871 2852 Provincie.
1906 2797 2097 2849 Emoni

257 2894 506 2944 firmavit.
547 2892 843 2945 Nortaldus
878 2892 1167 2962 episcopus
1213 2890 1460 2941 firmavit.
1503 2887 1776 2941 Radaldus
1810 2889 2097 2958 episcopus

257 2980 505 3032 firmavit.
