2259 3692
819 133 1111 182 —111—

49 264 343 332 Propterea
376 258 722 319 Alexandrio,
762 257 1019 309 advocato
1040 256 1348 328 supradicte
1383 259 1631 320 ecclesie,
1663 278 1884 310 11000550

47 350 129 400 vel
180 359 506 419 oportunum
552 346 670 408 fuit,
709 356 767 397 ut
821 345 1067 396 notitiam
1110 364 1203 395 seu
1231 355 1283 394 et
1331 344 1571 396 indicum
1619 346 1885 397 firmitatis

49 437 151 486 sibi
171 436 377 486 exiberi
412 435 724 497 debuisset3
763 432 909 503 quod
935 433 1008 483 ita
1028 442 1081 483 et
1114 431 1377 482 fecerunt.
1414 432 1506 482 His
1539 434 1885 503 presentibus

49 533 224 574 actum
251 522 369 583 fuit,
409 542 638 593 quorum
666 520 1040 572 roborationes
1067 519 1149 570 vel
1179 519 1455 591 signacula
1490 521 1675 571 subter
1702 531 1885 572 tenen-

47 622 135 662 tur
167 611 386 661 inserta.

122 701 284 750 Facta
317 698 508 752 notitia
542 699 642 748 hec
675 698 796 751 VIII
834 695 1102 747 Kalendas
1135 694 1386 767 Augusti,
1425 715 1565 745 anno
1598 698 1643 748 V
1676 696 1887 766 imperii

51 786 233 837 domni
260 787 432 837 nostri
458 785 699 836 Lotharii
725 784 1088 854 imperatoriS,
1120 783 1386 833 inditione
1421 785 1510 835 VI.

123 875 322 944 Joseph
370 893 594 944 presens
642 872 736 922 fui.
784 871 1064 922 Elefantus
1113 891 1339 941 presens
1389 870 1483 921 sui.
1523 870 1889 925 WVildcmarus

49 981 274 1032 presens
315 961 433 1012 fuit.
489 961 856 1012 Theutbertus
906 958 1171 1010 interfuit.
1221 958 1381 1010 Odilo
1430 957 1696 1009 interfuit.
1744 960 1890 1010 Gau-

51 1049 266 1100 dentius
310 1069 536 1120 presens
583 1048 702 1099 fuit.
749 1047 1011 1098 Arnulfus
1053 1066 1280 1118 presens
1323 1046 1440 1097 suit.
1489 1048 1555 1097 Et
1601 1045 1754 1096 multi
1801 1046 1891 1096 alii

50 1136 434 1188 interfuerunt.

53 1336 120 1382 Νο
160 1338 254 1384 81.
304 1333 462 1382 Venle
502 1332 623 1381 d'un
672 1332 865 1381 terrain
906 1331 1153 1398 cle'friche'.
1198 1332 1587 1399 Acqiziltement
1633 1331 1699 1380 clu
1743 1349 1888 1398 prim.

118 1414 245 1462 Mise
278 1414 432 1462 re'elle
472 1432 530 1462 en
565 1414 861 1479 possession
892 1431 997 1478 par
1040 1412 1085 1461 Ia
1128 1413 1550 1462 reconnaissance
1590 1419 1637 1461 et
1675 1413 1893 1478 fioealion

117 1493 204 1542 cles
232 1494 435 1542 limites.
469 1494 587 1558 (An.
619 1494 729 1553 848,
761 1497 822 1541 ‘20
837 1493 985 1559 juil.)

356 1625 650 1674 Lacomblet
679 1626 805 1673 Urk.
835 1626 922 1673 des
950 1615 1219 1673 Niederrh.
1258 1627 1293 1685 I,
1326 1627 1403 1685 29,
1435 1633 1489 1672 11Ο
1514 1626 1595 1673 64.

127 1770 185 1818 111
221 1767 438 1819 Christo
480 1767 620 1838 patri
662 1766 916 1828 Altfrido,
956 1767 1130 1839 gratia
1172 1767 1274 1818 Dei
1317 1766 1596 1837 episcope,
1635 1767 1888 1838 emptori,

52 1875 152 1928 ego
209 1855 495 1908 Gunthard
544 1866 596 1906 et
643 1854 947 1917 Athiluuin,
994 1854 1326 1906 venditores.
1381 1856 1607 1905 Constat
1649 1874 1747 1905 nos
1788 1854 1892 1906 tibi

53 1943 361 1994 vendidisse
396 1954 448 1994 et
488 1944 560 1994 ita
592 1943 952 2005 vendidimus,
996 1943 1052 1993 id
1087 1954 1167 1994 est
1201 1943 1743 2013 comprehensionem
1777 1963 1895 1993 nos-

52 2042 188 2082 tram
223 2032 277 2082 in
314 2031 444 2083 silva
478 2052 581 2102 que
615 2042 835 2083 vocatur
869 2031 1322 2092 Uuitherouuald,
1357 2051 1515 2101 quam
1550 2031 1894 2102 conprehen-

57 2120 262 2170 sionem
290 2120 536 2170 homines
563 2120 643 2171 tui
668 2140 774 2170 una
806 2120 1089 2171 nobiscum
1117 2120 1450 2171 circuierunt
1478 2130 1530 2170 et
1555 2120 1707 2170 novis
1728 2119 1897 2191 signis

56 2207 526 2259 obfirmaverunt¹.
583 2209 651 2258 Et
699 2208 1003 2279 accepimus
1056 2228 1083 2258 a
1129 2218 1181 2259 te
1230 2208 1465 2278 pretium
1499 2228 1598 2279 pro
1641 2228 1719 2269 ea,
1760 2207 1899 2258 sicut

56 2296 197 2346 inter
224 2315 322 2346 nos
349 2296 618 2357 convenit,
651 2296 754 2347 hoc
782 2306 863 2346 est
890 2296 1056 2347 libras
1094 2298 1119 2346 3
1149 2317 1157 2346 :
1206 2296 1260 2346 in
1311 2316 1371 2346 ea
1420 2295 1647 2356 ratione,
1686 2306 1744 2346 ut
1775 2305 1899 2366 post

57 2384 200 2434 hunc
237 2383 377 2434 diem
403 2384 520 2454 ipsa
553 2384 951 2454 conprehensio
987 2383 1054 2435 ad
1096 2384 1378 2455 proprium
1418 2394 1656 2434 vestrum
1691 2403 1897 2434 monas-

58 2472 253 2522 terium
289 2471 559 2542 pertineat
584 2471 731 2542 quod
756 2482 976 2522 vocatur
1005 2471 1326 2532 Uuerthina,
1359 2482 1411 2522 et
1446 2471 1709 2542 quicquid
1743 2491 1807 2521 ex
1839 2491 1899 2521 ea

60 2559 234 2609 facere
268 2559 521 2621 volueris,
565 2560 629 2610 ab
664 2560 763 2610 hac
806 2559 892 2610 die
927 2559 1152 2611 liberam
1201 2570 1253 2610 et
1301 2559 1659 2610 firmissimam
1700 2559 1899 2610 habeas

60 2658 400 2718 potestatem.
451 2648 509 2699 Si
558 2649 678 2718 quis
727 2668 873 2709 vero,
931 2648 1077 2719 quod
1124 2648 1241 2699 fieri
1275 2668 1383 2699 11011
1433 2648 1723 2709 credimus,
1762 2648 1900 2698 hanc

60 2735 386 2786 venditionis
414 2736 673 2787 cartulam
700 2736 998 2809 infringere
1018 2737 1340 2798 temtaverit,
1372 2737 1504 2787 Iram
1532 2736 1635 2787 Dei
1659 2736 1901 2787 incurrat

62 2834 113 2874 et
160 2844 187 2874 a
237 2824 515 2875 liminibus
551 2835 861 2876 sanctorum
909 2825 1117 2876 alienus
1166 2825 1377 2886 existat,
1424 2835 1476 2876 ct
1518 2825 1619 2876 hec
1660 2823 1900 2875 venditio

62 2911 212 2962 firma
260 2924 590 2983 permaneat,
638 2913 989 2984 stipulatione
1036 2913 1281 2964 subnixa.
1328 2912 1462 2964 Acta
1503 2913 1558 2963 in
1599 2912 1902 2965 Uuerthina

64 3000 411 3061 monasterio,
450 3003 508 3050 13
541 3000 810 3052 Kalendas
832 3001 1128 3074 Augustus,
1153 3021 1293 3052 anno
1320 3001 1708 3053 incarnationis
1736 2999 1900 3051 domi-

59 3229 64 3232 ·
122 3213 162 3253 1.
207 3210 433 3254 Vendeurs
460 3218 500 3253 et
540 3212 754 3255 aclteteur
788 3213 897 3272 (par
934 3213 1164 3271 de'le'gzces)
1187 3217 1288 3270 font
1320 3213 1540 3256 ensemble
1567 3213 1605 3256 le
1643 3221 1747 3256 tour
1774 3212 1827 3255 de
1855 3212 1901 3254 la

70 3294 87 3319 α
116 3277 454 3336 comprehensio
485 3294 501 3318 ))
529 3285 570 3320 et
585 3294 616 3335 y
642 3286 824 3321 mettenc
846 3279 900 3322 de
922 3279 1147 3323 nouvelles
1172 3295 1386 3339 marques
1403 3280 1457 3322 de
1484 3279 1820 3336 delimitatc'0n5
1841 3282 1899 3335 cf.

65 3359 112 3402 p.
132 3346 199 3400 83,
231 3353 280 3385 11⁰
296 3347 336 3386 2.
585 3351 587 3353 ’
