2259 3692
916 123 1174 172 -79-

134 252 296 312 mine,
319 251 466 301 venit
493 249 559 300 ad
586 249 954 319 supradictum
973 259 1261 319 tyrannum
1283 249 1602 300 Iarnhitium
1628 250 1694 301 ad
1718 251 1973 312 Lisbedu,

136 348 188 388 et
221 357 401 388 secum
430 336 560 386 duas
602 335 835 386 flacones
870 342 1011 386 unaa
1053 336 1254 386 obtima
1294 347 1573 406 portantes
1609 337 1878 400 deferens,
1925 349 1977 390 et

135 425 303 494 ipsius
336 423 553 494 tyranni
596 434 725 474 tunc
771 423 1095 474 mediatores
1137 434 1291 474 erant
1331 424 1618 485 Doitanau,
1668 427 1972 497 presbyter,

136 514 249 581 ejus
285 511 698 571 cabellanarius,
731 522 783 561 et
818 511 1059 562 Houuori
1087 511 1219 561 mair
1253 511 1306 561 in
1340 511 1500 582 plebe
1537 513 1728 575 Catoc3
1767 524 1819 563 ct
1852 534 1978 584 pos-

135 609 239 659 tea,
278 598 332 648 in
366 598 457 649 illa
484 598 792 669 supradicta
817 599 941 649 villa
975 619 1078 669 quc
1121 598 1318 649 dicitur
1346 599 1602 660 Lisbcdu,
1641 600 1731 650 ille
1766 601 1980 661 Jarnhi-

138 685 242 736 den
277 685 427 736 dedit
474 686 552 736 illi
586 686 979 747 Uuruueletdo,
1019 687 1156 737 sicut
1201 686 1563 737 hereditarius
1610 698 1661 737 et
1700 688 1976 759 princeps,

138 773 315 824 locum
358 774 726 844 supradictum
771 774 826 824 in
872 774 1166 825 elemosina
1213 775 1560 845 sempiterna,
1608 786 1660 826 et
1701 776 1851 827 dedit
1903 777 1983 827 illi

139 861 411 912 licentiam
438 873 697 932 quantum
732 882 796 912 ex
822 862 950 913 silva
986 873 1038 912 et
1065 862 1201 912 saltu
1236 862 1290 912 in
1319 862 1546 913 circuitu
1581 864 1823 934 potuisse
1859 885 1983 935 prc-

138 968 328 1019 parare
370 959 422 999 et
472 950 753 1001 abscidere
805 961 964 1021 atque
1007 950 1311 1011 eradicare,
1359 952 1497 1001 sicut
1536 951 1884 1003 heremitario
1929 953 1984 1003 in

140 1035 355 1087 deserto
398 1037 489 1108 qui
539 1039 844 1089 nonhabet
887 1038 1278 1089 dominatorem
1320 1050 1545 1110 excepto
1587 1041 1702 1090 Deo
1746 1040 1878 1091 solo.
1920 1041 1986 1091 Ili

142 1135 266 1174 sunt
299 1135 466 1175 testes
493 1146 501 1175 :
535 1126 820 1187 Iarnhitin,
849 1137 1130 1198 tyrannus,
1158 1127 1249 1197 qui
1285 1126 1453 1187 dedit,
1488 1127 1642 1178 testis
1675 1149 1683 1178 :
1724 1130 1784 1179 E.
1832 1149 1985 1199 pres-

142 1212 317 1282 byter,
367 1213 554 1275 testis3
615 1216 677 1265 R.
735 1215 1041 1286 presbyter,
1093 1215 1283 1272 testis3
1340 1215 1646 1266 Doithanau
1700 1217 1987 1288 presbyter

142 1300 324 1363 testis3
361 1303 423 1354 V.
455 1302 645 1365 testis3
686 1304 744 1353 C.
783 1303 956 1353 testis.

147 1548 214 1594 Ν0
239 1552 333 1599 66.
376 1547 794 1609 Revendication,
828 1566 932 1613 par
975 1567 1038 1596 un
1077 1549 1229 1611 ahhe',
1274 1551 1464 1614 (avone)
1505 1550 1566 1597 cle
1613 1550 1749 1615 serfls‘
1798 1550 1890 1617 qui
1937 1567 1990 1598 Se

431 1628 740 1694 pretendent
765 1629 1063 1694 affranchis
1081 1648 1186 1695 par
1212 1631 1406 1678 charte.
1441 1630 1542 1695 (An
1568 1632 1701 1694 815.)

352 1781 519 1847 Besly,
552 1782 686 1830 Hist.
717 1782 804 1830 des
831 1789 1024 1830 comtes
1051 1783 1112 1830 de
1139 1782 1341 1843 Poitou,
1374 1783 1561 1831 Preuv.
1589 1802 1639 1849 p.
1674 1785 1783 1831 176.

224 1954 357 2004 Cum
403 1951 707 2002 advenisset
753 1951 1002 2012 Godilus,
1055 1951 1250 2002 missus
1298 1951 1498 2002 illustri
1548 1952 1662 2002 viro
1712 1953 1992 2003 Bernardo

153 2040 351 2092 Comiti
379 2039 465 2090 die
492 2039 756 2090 Mcrcoris
783 2039 1014 2090 Pictavis
1050 2040 1263 2090 civitate
1293 2041 1356 2091 12
1392 2040 1510 2090 Kal.
1551 2040 1711 2091 Iulias
1739 2040 1806 2091 ad
1837 2041 1992 2091 iusti-

146 2129 248 2180 tias
284 2127 576 2188 faciendas,
610 2127 800 2198 ibique
843 2127 1133 2178 adveniens
1169 2128 1336 2179 alicus
1378 2129 1538 2179 homo
1573 2129 1790 2179 nomine
1831 2130 1993 2180 Ram-

148 2216 329 2268 nulfus
370 2215 676 2266 Advocatus
716 2216 901 2267 Sancti
937 2216 1149 2266 Iuniani
1194 2236 1286 2266 seu
1334 2216 1618 2269 Godelono
1652 2216 1883 2278 Abbate,
1916 2237 1993 2268 re-

147 2304 367 2375 petebat
394 2303 528 2354 alico
556 2303 762 2354 homini
787 2303 1063 2354 Allasredo
1091 2314 1142 2354 et
1168 2324 1426 2375 germano
1452 2304 1736 2355 Allifre'do.
1765 2305 1995 2356 Dicebat

152 2391 298 2462 quod
330 2391 545 2462 genitor
587 2411 772 2442 eorum
821 2391 1038 2441 nomine
1085 2391 1381 2442 Leofredus
1427 2412 1611 2443 servus
1654 2403 1768 2443 erat
1808 2394 1862 2444 S.
1907 2395 1994 2444 Iu-

151 2479 299 2529 niani
343 2498 408 2529 ex
439 2479 564 2529 villa
610 2479 855 2539 Teciaco,
904 2490 956 2529 et
988 2479 1104 2549 ipse
1139 2479 1194 2529 in
1227 2480 1573 2550 postmodum
1615 2481 1708 2531 illo
1752 2481 1990 2542 servitio,

153 2566 299 2637 quod
326 2566 391 2616 de
426 2586 612 2617 eorum
648 2566 928 2628 debuerat,
957 2567 1095 2618 malo
1120 2567 1310 2618 ordine
1338 2568 1567 2619 reddere
1592 2570 1991 2621 contemnebat.

154 2655 260 2719 Qui
313 2654 415 2705 iam
463 2654 593 2704 dicti
638 2655 884 2705 homines
939 2655 1005 2706 ad
1049 2666 1335 2725 praesente
1385 2656 1687 2717 adstabant,
1726 2668 1778 2708 ct
1813 2658 1997 2708 charta

152 2742 354 2793 ibidem
389 2742 765 2803 ostenderunt,
813 2741 994 2793 cumo¹
1036 2743 1202 2794 alicus
1236 2744 1416 2804 homo,
1464 2745 1680 2795 nomine
1722 2744 1997 2796 Alisredus

153 2830 303 2900 ipsus
338 2840 459 2880 ante
487 2850 578 2880 eos
606 2830 720 2881 dies
749 2831 1016 2902 ingenuus
1043 2832 1353 2893 relaxasset,
1385 2832 1596 2883 reddita
1623 2833 1738 2903 ipsa
1765 2831 1995 2886 chartas-².

157 2917 357 2968 Taliter
392 2917 492 2968 suit
526 2919 802 2969 inventum
845 2919 990 2989 quod
1025 2919 1155 2970 salsa
1189 2920 1243 2969 in
1279 2920 1528 2970 omnibus
1572 2921 1774 2971 aderat.
1823 2922 1997 2971 Inter-

218 3114 259 3169 a)
287 3114 382 3155 Lis.
410 3114 515 3156 vina
541 3116 686 3171 (vini).

217 3204 259 3244 1.
294 3204 420 3243 Pom·
442 3205 691 3260 quomodo,
716 3211 948 3261 comment,
980 3221 1030 3246 en
1051 3211 1170 3248 verta
1198 3203 1253 3247 de
1279 3204 1495 3263 laquelle.

218 3269 260 3309 2.
296 3268 715 3325 L’affi·cmcln'ssant
754 3271 983 3312 remettait
1007 3286 1067 3313 (ιιι
1101 3274 1204 3326 serf
1226 3270 1272 3313 la
1311 3272 1465 3313 charte
1505 3271 1995 3328 d'affiauclaeissement,

160 3347 279 3391 pom·
305 3334 372 3376 lui
397 3335 535 3376 ser-wir
561 3335 614 3377 de
641 3336 756 3377 titre.
