2259 3692
230 268 525 320 crastinum
560 267 646 319 die
688 268 810 319 illos
853 268 1056 319 ibidem
1100 280 1450 340 praesentare
1486 269 1781 334 deberent3
1820 271 1967 344 quod
2007 271 2080 323 ita

230 368 281 408 et
315 356 578 407 fecerunt.
619 357 686 407 Et
719 356 823 427 ipsi
856 356 1104 408 homines
1137 357 1212 408 sic
1245 357 1770 420 testimoniaverunt,
1803 359 1950 430 quod
1982 380 2080 430 per

230 446 349 517 lege
396 464 579 495 servus
629 444 799 495 sancti
848 444 993 496 illius
1042 445 1228 497 aderat
1269 445 1504 506 debitus,
1544 456 1596 496 et
1638 446 1943 517 quomodo¹
1976 448 2081 499 1100

227 532 736 585 testimoniaverunt
777 553 938 603 super
981 533 1170 584 altario
1217 534 1389 585 sancti
1432 534 1578 585 illius
1624 534 1679 584 in
1724 535 1815 586 illa
1850 536 2076 607 capella,

232 642 336 692 que
371 621 540 672 estin
576 631 726 671 curte
761 620 896 682 fisci,
946 621 1037 672 ubi
1081 622 1291 693 reliqua
1337 633 1668 674 sacramenta
1713 623 1888 674 soluta
1933 635 2076 685 sunt,

231 710 391 761 iurati
420 709 690 760 dixerunt.
722 709 903 760 Dinno
930 709 1099 780 ipsius
1129 730 1281 760 servo
1309 710 1409 761 suit
1443 711 1856 783 interrogatum,
1889 711 1933 762 si
1967 712 2081 782 ipsa

233 819 390 849 causa
424 798 873 869 recognoscebat,
907 798 951 848 si
985 798 1061 849 sie
1095 810 1209 849 erat
1242 794 1471 862 veritas3
1519 799 1614 850 sed
1656 799 1772 870 ipse
1809 820 1993 851 servus
2028 800 2082 851 in

232 886 483 937 omnibus
519 883 617 937 ac‘l
645 905 801 937 causa
843 887 1161 958 recognovit
1195 898 1247 937 et
1281 887 1347 937 ad
1382 887 1658 938 servitium
1697 887 1800 938 sibi
1834 908 2082 940 reversus

232 975 350 1026 fuit.
393 976 458 1026 Et
503 975 607 1045 ipsi
652 975 789 1025 abba
830 995 927 1045 per
969 975 1219 1026 iuditium
1254 974 1351 1026 ad2
1384 975 1527 1046 ipsas
1561 996 1822 1047 personas
1848 997 1946 1047 per
1980 976 2083 1027 ius-

234 1064 441 1115 sionem
475 1063 620 1114 illius
656 1063 851 1113 comite
887 1062 952 1113 dc.
987 1083 1147 1113 manu
1189 1063 1282 1113 illo
1315 1064 1516 1114 vicario
1559 1075 1843 1135 exceptum
1882 1064 2084 1116 ibidem

234 1173 333 1224 pro
369 1171 522 1203 servo
559 1151 731 1202 sancti
764 1150 909 1201 illius
945 1150 1286 1201 evindicabat
1305 1150 1338 1202 3.

309 1240 402 1292 His
436 1239 804 1310 presentibus.

236 1417 302 1464 Ν0
327 1421 423 1467 37.
494 1414 722 1463 Gardien
749 1413 955 1481 infidele
981 1432 1043 1463 οιι
1073 1413 1325 1481 coupahle
1350 1414 1546 1482 adjuqe
1574 1433 1765 1464 comme
1790 1416 1918 1481 serf.

577 1570 650 1635 (Z.
684 1571 758 1636 14>
788 1570 962 1618 Form.
993 1569 1142 1618 Salio.
1173 1570 1374 1635 Bignon
1404 1570 1484 1634 (R.
1522 1570 1580 1619 G.
1610 1570 1745 1635 463).

879 1726 1142 1777 Cautione
1170 1726 1236 1777 de
1264 1726 1445 1777 claviS.

310 1833 453 1882 Dum
499 1841 552 1881 et
595 1830 945 1901 perpluribus
991 1829 1302 1880 hominibus
1349 1840 1430 1880 est
1469 1828 1815 1900 patefactum,
1855 1829 2088 1899 qualiter

237 1920 293 1970 in
336 1919 439 1970 Dei
482 1939 680 1970 nomen
722 1918 832 1979 ille,
877 1918 1099 1969 veniens
1134 1918 1188 1968 in
1222 1918 1420 1988 placita
1455 1928 1577 1968 ante
1621 1937 1779 1988 quam
1814 1917 1971 1967 bonis
2004 1917 2088 1968 vel

239 2007 574 2080 quampluris
598 2007 756 2058 bonis
779 2007 1091 2057 hominibus
1116 2006 1371 2057 adversus
1394 2006 1669 2056 hominem
1693 2025 1889 2056 nomen
1912 2005 2084 2067 illum,

238 2097 521 2168 repetebat
548 2096 615 2157 ei,
641 2095 767 2146 dum
797 2095 1021 2155 diceret,
1045 2115 1108 2145 60
1136 2095 1283 2166 quod
1310 2094 1527 2145 cellaria
1551 2094 1634 2145 vel
1663 2114 1871 2145 camara
1898 2104 1950 2144 et
1972 2114 2088 2166 gra-

239 2185 379 2246 nica,
411 2184 673 2255 quicquid
706 2184 761 2234 in
796 2204 855 2234 ea
889 2183 1079 2234 habuit
1113 2183 1369 2254 reposita,
1408 2183 1511 2233 hoc-
1547 2193 1627 2233 est
1662 2203 1869 2243 aurum,
1901 2202 2088 2253 argen-

238 2285 372 2334 tuni,
406 2273 664 2344 drapalia,
704 2293 868 2333 arma,
906 2272 1107 2332 vinum,
1148 2292 1322 2322 anona
1354 2271 1437 2322 vel
1468 2271 1648 2321 vitalia
1684 2291 1796 2331 sua,
1835 2291 1932 2341 per
1967 2290 2088 2321 5035

242 2362 415 2413 claves
444 2359 910 2411 60111111611ε13556ῒ4
936 2360 1002 2411 3(1
1030 2359 1446 2411 custodiendum
1471 2359 1554 2409 vel
1581 2358 1647 2409 ad
1674 2358 2005 2419 salvandum,
2038 2369 2091 2409 et

241 2451 413 2521 ipsam
458 2470 571 2500 rem
620 2449 674 2499 in
717 2448 1057 2521 naufragium
1092 2449 1174 2499 vel
1217 2448 1271 2498 in
1308 2448 1561 2499 damnum
1606 2446 1818 2518 posuit3
1858 2446 1953 2497 sed
1986 2446 2090 2517 ipsi

241 2538 321 2589 illi
366 2538 431 2589 de
479 2549 766 2609 praesente
815 2537 1061 2588 adstabat
1101 2548 1153 2588 ct
1200 2538 1300 2588 hac
1350 2556 1507 2587 causa
1556 2535 1865 2586 nullatenus
1913 2534 2091 2605 potuit

243 2627 533 2699 denegare,
566 2626 662 2677 sed
693 2626 875 2676 taliter
902 2626 950 2676 ei
984 2626 1083 2676 fuit
1109 2625 1406 2696 professus,
1440 2634 1571 2694 quot
1598 2623 1767 2694 ipsam
1795 2642 1908 2673 rem
1935 2643 2088 2693 supe-

242 2714 353 2766 rius
389 2714 787 2765 denominatam
832 2734 930 2784 per
965 2734 1119 2764 suum
1163 2713 1468 2784 neglectum
1518 2722 1569 2761 et
1613 2731 1710 2781 per
1752 2730 1847 2761 suo
1883 2709 2089 2761 facinus

304 2878 347 2933 d)
375 2877 467 2918 Lis.
497 2876 580 2917 hac
605 2891 663 2917 Ξ
685 2875 817 2916 hanc.

303 2976 342 3014 1.
385 2976 491 3027 Quo.

304 3042 345 3081 2.
380 3041 476 3080 Par
502 3037 572 3093 (le)
589 3039 824 3095 jugement
862 3053 875 3074 α
905 3037 932 3078 (ὶ
963 3052 1072 3077 »ces
1107 3050 1372 3094 persenties,
1405 3034 1580 3076 cxci-d,
1609 3035 1708 3093 'par
1746 3034 1819 3089 (le)
1860 3036 2091 3091 jugement

249 3123 263 3143 «
297 3105 351 3147 de
381 3122 398 3144 n
440 3120 510 3146 ces
555 3119 821 3163 persomzes.
872 3104 937 3144 On
984 3101 1054 3143 Ait
1103 3101 1425 3154 e12c01·e,clans
1475 3100 1512 3142 lc
1556 3100 1763 3160 pelcple:
1799 3099 1845 3142 la
1892 3100 2086 3155 maison,

248 3170 392 3226 l'ide'e,
425 3178 524 3225 ete,
560 3188 574 3208 α
608 3171 635 3211 (ὶ
669 3188 683 3209 ι)
722 3172 926 3225 Auguste
954 3169 1127 3225 (re'gion
1158 3167 1219 3209 (Ιιι
1247 3167 1414 3223 Nordy).

306 3240 346 3279 3.
382 3239 633 3278 Reconcrer
659 3236 729 3291 (en
748 3235 952 3293 justice).

307 3305 345 3344 4.
387 3306 448 3344 La
475 3302 633 3344 remise
670 3301 749 3343 cles
777 3300 887 3356 clesls
912 3299 1181 3358 s’explc'que,
1221 3301 1294 3356 ici,
1335 3303 1422 3342 tres
1460 3297 1822 3341 natm-ellemenc.
1861 3298 2091 3338 Pelet-dne

245 3368 415 3424 faut-il
434 3385 464 3426 y
491 3368 735 3410 νοίιάιιεεί
761 3383 844 3409 une
868 3369 1010 3422 forme
1033 3365 1290 3409 solenuelle.
1332 3368 1377 3409 V.
1409 3369 1581 3419 Zezcm.,
1611 3379 1658 3423 p.
1689 3366 1786 3420 233,
1819 3369 1920 3406 note
1946 3365 1987 3406 3.
