2259 3692
935 181 1196 231 -23-

150 329 258 359 non
307 308 531 381 fugitivo
581 327 757 378 neque
801 306 986 358 cadivo
1016 307 1052 368 ¹,
1099 306 1194 356 sed
1238 315 1416 356 mente
1466 316 1518 356 et
1567 325 1725 356 omne
1762 304 1991 375 corpore

151 416 279 446 sano
297 395 331 455 ᾖ,
370 416 469 466 pro
512 416 617 467 quo
663 395 847 465 accepi
882 415 908 445 a
941 394 1094 444 vobis
1138 394 1191 443 in
1236 393 1433 464 pretio,
1482 393 1625 443 iuxta
1673 393 1818 463 quod
1861 392 1993 443 mihi

151 483 493 554 complacuit,
539 483 653 534 auri
703 482 904 533 solidos
954 482 1158 552 probus
1208 481 1383 551 adque
1427 491 1719 551 pensantes
1767 499 1993 530 numero

148 581 353 631 tantOS,
411 582 463 621 et
526 571 643 641 ipso
700 590 852 620 servo
905 569 1056 620 vobis
1113 568 1495 640 presentaliter
1550 567 1749 618 tradidi
1813 587 1992 637 posse-

150 658 385 709 dendum
416 680 424 708 :
458 659 528 709 ita
572 669 628 709 ut
662 659 726 709 ab
759 658 858 708 1130
902 657 987 708 die
1021 657 1286 716 habendi,
1325 655 1574 716 tenendi,
1613 655 1695 705 vel
1731 655 1991 725 quiequid

149 746 342 797 exinde
392 747 624 797 creveris
644 752 683 805 a,
731 745 959 796 faciendi
1014 745 1244 795 liberum
1299 743 1524 815 potiaris
1575 742 1875 793 arbitrium.
1934 742 1991 794 Si

150 834 269 905 quis
295 854 439 893 vero,
473 834 617 904 quod
651 833 889 884 futurum
923 853 1040 883 esse
1068 852 1176 882 non
1210 832 1500 891 credimus,
1532 831 1575 881 si
1609 850 1710 902 ego
1737 830 1871 900 ipsc,
1903 840 1992 880 aut

149 921 340 992 aliquis
369 921 433 971 de
461 921 753 972 heredibus
782 921 932 981 meis,
965 941 1058 972 seu
1087 920 1328 991 qualibet.
1357 939 1608 990 persona,
1641 928 1825 968 contra
1853 918 1991 968 hane

146 1009 508 1059 vindicionem
534 1009 717 1060 venire
744 1009 1105 1079 temptaverit,
1137 1019 1226 1059 aut
1253 1028 1367 1058 eam
1401 1007 1712 1078 infrangere
1737 1005 1986 1066 volucrit,

146 1096 341 1147 inserat
389 1097 489 1147 tibi
539 1117 657 1147 cum
709 1097 925 1169 cogenti
974 1096 1104 1147 fisco
1155 1096 1269 1147 auri
1317 1106 1552 1155 tantum,
1598 1094 1681 1145 vel
1732 1104 1990 1164 quantum

147 1205 329 1235 servus
365 1185 480 1256 ipse
515 1206 578 1235 eo
614 1196 858 1256 tempore
894 1185 1206 1235 melioratus
1240 1184 1486 1245 valuerit,
1518 1194 1570 1234 et
1603 1184 1735 1233 hace
1762 1181 1990 1233 vinditio

147 1273 288 1323 omni
322 1283 566 1344 tempore
601 1273 751 1324 firma
784 1284 1118 1344 permaneat,
1159 1273 1508 1344 stipulatione
1542 1272 1799 1323 subnexa.

219 1360 411 1411 Actum
441 1361 601 1427 [loco]
630 1361 742 1422 illo,
774 1362 872 1412 sub
902 1360 987 1412 die
1014 1360 1126 1422 illo,
1157 1380 1297 1412 anno
1325 1360 1435 1411 illo.

143 1623 208 1671 ΝΟ
241 1627 335 1674 20.
484 1623 676 1673 Charle
702 1624 1267 1690 (l’affranchissement.
1303 1624 1621 1673 Conditions.

550 1793 622 1857 (Z.
651 1793 730 1858 34)
761 1792 923 1841 Mare.
953 1793 1126 1842 Form.
1158 1795 1203 1842 II
1235 1794 1316 1859 (R.
1352 1792 1412 1842 G.
1442 1794 1576 1859 379).

643 1951 777 2000 Item
804 1949 905 2001 alia
932 1950 1108 2001 adhue
1143 1950 1247 2001 alio
1276 1948 1484 2000 mod03.

217 2067 274 2118 Si
301 2067 508 2138 aliquos
535 2087 599 2118 ex
625 2068 985 2119 servientibus
1020 2068 1220 2119 nostris
1248 2088 1275 2118 a
1302 2068 1487 2140 iugum
1515 2067 1788 2118 servitutis
1814 2066 1985 2117 absol-

140 2155 330 2216 vimus,
363 2156 666 2206 mercedem
701 2156 754 2206 in
792 2156 1031 2207 futurum
1067 2156 1223 2207 nobis
1252 2157 1316 2207 ab
1351 2156 1454 2206 1100
1486 2156 1790 2206 retribuere
1825 2155 1986 2206 eonfi-

142 2242 335 2293 dimus.
369 2244 539 2315 Igitur
565 2264 665 2316 ego
694 2245 783 2295 ille
809 2256 1034 2316 propter
1061 2265 1257 2295 nomen
1291 2244 1510 2294 Domini
1542 2254 1593 2294 et
1625 2243 1986 2294 retributione

141 2342 358 2382 aeterna
383 2343 435 2382 te
464 2332 541 2382 illi
577 2333 642 2382 ab
671 2333 817 2383 omni
841 2333 1115 2383 vinculum
1150 2333 1424 2383 servitutis
1452 2332 1798 2393 absolvimus,
1830 2333 1902 2383 ita
1929 2342 1987 2382 ut

142 2420 206 2469 ab
249 2439 307 2469 110
350 2419 436 2470 die
476 2420 636 2470 vitam
678 2421 841 2471 ducas
887 2422 1205 2492 ingenuam,
1243 2431 1500 2491 tanquam
1543 2420 1587 2470 si
1628 2421 1693 2471 ab
1735 2420 1987 2492 ingenuis

142 2507 459 2577 parentibus
505 2507 698 2558 fuisses
740 2519 1077 2579 procreatus,
1117 2519 1167 2558 et
1214 2509 1348 2559 nulli
1389 2508 1653 2559 heredum
1696 2528 1754 2559 ae
1794 2509 1986 2579 prohe-

142 2594 330 2645 redum
364 2616 604 2646 meorum
636 2597 718 2646 vel
755 2597 1075 2667 cuicumque
1111 2597 1387 2647 servitium
1422 2596 1706 2667 inpendas,
1750 2597 1853 2647 nisi
1888 2598 1986 2647 sub

143 2683 352 2754 integra
402 2684 738 2756 ingenuitate
782 2684 1117 2744 defensione,
1167 2685 1251 2735 cui
1297 2695 1349 2735 te
1399 2705 1463 2735 ex
1510 2685 1641 2735 meis
1692 2684 1986 2735 heredibus

142 2771 391 2842 clegeriS,
431 2772 631 2822 habere
659 2773 856 2823 debeas
885 2784 937 2823 ct
972 2773 1149 2823 oblata
1178 2793 1311 2834 mea,
1350 2773 1442 2824 ubi
1482 2794 1657 2824 meum
1694 2773 1987 2844 requiescit.

143 2859 542 2929 corpusculum,
573 2861 655 2911 vel
690 2861 974 2912 luminaria
1002 2861 1155 2913 annis
1184 2861 1412 2933 singulis
1440 2861 1637 2913 debeas
1668 2881 1982 2932 procurare,

202 3034 240 3086 a)
276 3034 369 3075 Lis.
399 3035 679 3077 decreveris.

202 3139 242 3176 ¹1.
283 3135 439 3191 Clze'tif
453 3144 493 3178 et
519 3152 606 3180 non
638 3155 655 3179 «
683 3141 842 3199 captis
860 3156 898 3181 1).

203 3204 242 3242 2.
283 3204 399 3243 Cette
426 3210 620 3245 mennon
650 3204 728 3246 des
756 3206 955 3264 qnalcle's
990 3214 1054 3248 esc
1088 3209 1344 3265 emprunce'e
1378 3223 1439 3250 αιι
1474 3208 1607 3250 Droc't
1635 3208 1828 3264 romain,
1880 3208 1980 3264 Voy.

143 3270 325 3315 Zeum.,
351 3284 400 3326 p.
430 3270 500 3322 90,
529 3285 568 3310 η.
596 3274 641 3312 sl.

202 3337 241 3375 33.
278 3332 319 3374 ll
339 3350 368 3390 j·
395 3351 443 3375 cn
472 3337 595 3377 avait
623 3352 671 3377 en
700 3340 797 3393 esset
825 3357 840 3379 ((
875 3355 902 3380 a
930 3340 1002 3382 Aa·
1038 3349 1275 3399 praesente
1311 3358 1325 3380 »
1357 3349 1394 3381 (Ἰ
1426 3358 1440 3377 «
1479 3349 1585 3400 post
1615 3340 1864 3382 discessum
1898 3357 1913 3374 11
1945 3347 1983 3381 et

143 3400 275 3442 aussi
300 3400 327 3442 (ὶ
356 3399 549 3443 (ἰέναι-365
575 3402 850 3462 condition-5,
880 3420 939 3447 (ιιι
962 3409 1040 3464 grc'
1067 3406 1119 3449 de
1143 3406 1559 3466 l'affrauclzc'ssant.
