2259 3692
943 93 1201 142 ,δι-

158 216 243 268 die
274 217 622 268 traditionem
661 227 719 267 ut
758 237 920 288 supra
954 217 1203 269 diximus.
1249 220 1314 269 Et
1349 220 1485 270 adde
1519 221 1573 271 in
1610 222 1836 274 istorum
1874 244 1990 276 ear-

154 305 283 355 tulis
329 315 381 355 et
425 304 795 355 Baioariorum
831 316 882 356 et
917 305 1382 358 Gundelmdorum
1407 341 1478 346 ——
1505 329 1623 360 nam
1658 311 1711 360 in
1746 312 1991 364 Baioaria

155 403 206 442 et
241 392 579 444 Gundebada
613 412 720 443 non
754 394 975 464 ponitur
1010 395 1232 465 insuper
1265 396 1543 447 cultellum
1575 430 1647 436 —
1679 420 1687 448 :
1721 422 1744 446 «
1791 401 1991 470 prohe-

153 479 310 530 redes
341 503 365 528 ›>
394 490 446 530 et
474 502 497 528 «
530 481 855 551 repetitione
887 504 910 530 »
939 493 991 532 et
1014 482 1144 533 tolle
1176 504 1184 533 :
1220 506 1244 532 «
1276 484 1516 554 esponde
1542 496 1593 535 te
1634 508 1678 547 »,
1710 497 1761 536 et
1795 488 1946 538 mitte
1977 509 1986 538 :

155 589 178 615 «
210 567 391 639 obliga
415 578 468 619 te
500 592 544 619 ».
578 570 643 619 Et
670 569 723 618 in
751 570 988 620 omnium
1014 570 1118 620 fine
1145 571 1454 622 traditionis
1482 572 1618 623 adde
1651 594 1659 623 :
1691 584 1743 624 et
1770 575 1991 645 insuper

151 655 303 705 mitte
349 676 575 726 paenam
623 657 998 728 stipulacionis
1054 659 1298 720 nomine,
1353 680 1456 730 que
1514 671 1595 711 est
1657 662 1821 712 multa
1877 663 1992 713 auri

151 743 341 813 optimi
380 745 564 795 uncias
600 756 872 815 quattuor,
916 746 1141 818 argendi
1182 747 1425 817 pondera
1469 759 1609 809 oeto,
1650 769 1808 819 quam
1853 750 1990 800 inse-

149 831 278 881 ratis
306 831 372 881 ad
409 832 553 882 illam
586 843 794 903 partem
832 844 1020 884 eontra
1054 855 1212 904 quam
1239 835 1432 886 exinde
1468 836 1616 886 litem
1651 836 1985 899 intulleritis,

149 928 201 968 et
248 919 393 989 quod
439 920 768 990 reperieritis
816 921 1091 973 vindicare
1147 943 1255 973 non
1311 923 1532 974 valeatis
1592 946 1647 987 »3
1700 935 1752 975 et
1808 925 1944 976 adde
1975 947 1984 975 :

150 1027 175 1054 «
210 1007 382 1077 warpi
415 1017 467 1057 te
504 1029 551 1068 »,
584 1020 794 1060 caetera
829 1021 953 1060 sunt
994 1011 1206 1061 similia.
1249 1011 1306 1062 Si
1345 1032 1472 1062 vero
1515 1012 1572 1062 fit
1612 1033 1708 1083 per
1743 1013 1995 1075 missum,

148 1094 234 1144 die
267 1104 475 1145 tantum
521 1096 574 1146 in
619 1097 764 1148 fine:
798 1117 826 1149 <<
862 1108 913 1149 et
955 1099 1027 1149 ita
1071 1099 1224 1150 trade
1268 1099 1317 1150 ei
1358 1120 1455 1170 per
1497 1101 1640 1151 hune
1682 1101 1902 1152 missum
1937 1112 1988 1152 et

146 1181 270 1232 huie
304 1183 514 1234 notario
540 1184 605 1235 ad
640 1186 987 1238 scribendum
1024 1208 1071 1239 ».

146 1490 212 1536 ΝΟ
237 1495 331 1541 53.
374 1491 603 1557 Partaqe
644 1491 920 1541 cl'he're'clite'
961 1500 1007 1542 et
1049 1496 1363 1543 transaction
1407 1496 1760 1546 immohz‘lie're.
1806 1498 1984 1547 Tieree

811 1573 996 1622 (letale.
1032 1574 1150 1638 (An,
1181 1577 1315 1641 5725).

627 1743 1103 1809 Brequigny-Pard.
1141 1753 1194 1791 n⁰
1223 1745 1497 1792 CLXXIX.

145 1919 343 1970 Charta
385 1919 450 1970 cle
493 1919 756 1970 divisione
805 1921 1073 1972 bonorum
1122 1942 1351 1993 quorum
1385 1933 1594 1992 partem
1637 1923 1849 1984 Bethta,
1882 1924 1982 1975 deo

217 2018 441 2069 saerata,
481 2008 808 2059 monasterio
846 2010 1244 2061 Cenomanensi
1286 2011 1458 2062 saneti
1490 2010 1765 2064 Vincentii
1799 2012 1981 2063 vendi-

216 2096 386 2147 derat.

212 2231 352 2281 Dum
400 2231 676 2303 cognitum
726 2242 806 2282 est
856 2231 1002 2302 quod
1051 2232 1265 2293 Bethta,
1304 2234 1420 2283 Deo
1464 2245 1688 2295 saerata,
1729 2235 1981 2305 portione

139 2318 317 2389 aliqua
373 2320 428 2369 in
485 2319 677 2370 locella
733 2320 1101 2390 nuncupantia
1153 2320 1386 2381 Soliaeo,
1449 2323 1750 2384 Mansione,
1802 2323 1981 2374 villam

140 2407 382 2468 Bariaeo,
437 2427 528 2457 seu
580 2418 631 2457 et
680 2408 946 2468 Briseino,
1003 2428 1160 2478 quam
1218 2407 1359 2458 filius
1410 2429 1535 2459 suus
1594 2411 1981 2462 Ermenfredus

140 2495 411 2565 quondam
447 2495 682 2545 moriens
733 2495 1042 2565 dereliquit,
1075 2506 1127 2545 et
1168 2495 1233 2545 ad
1274 2496 1445 2566 ipsam
1488 2496 1701 2568 legibus
1737 2499 1975 2559 obvenit,

138 2602 234 2652 per
267 2583 582 2633 vinditionis
616 2583 832 2633 titulum
875 2583 940 2634 ad
976 2583 1252 2634 basilicam
1296 2585 1467 2634 saneti
1500 2586 1775 2638 Vineentii
1811 2588 1980 2637 Ceno-

137 2671 308 2721 manis
333 2671 545 2722 eivitate
583 2671 839 2732 vindieat,
875 2682 927 2722 et
951 2672 1147 2742 aeeipit
1181 2672 1374 2723 exinde
1402 2673 1456 2722 in
1486 2674 1721 2744 pretium
1757 2675 1902 2745 quod
1929 2686 1981 2725 et

136 2759 276 2810 bene
312 2759 636 2830 complacuit
656 2770 816 2830 atque
845 2762 1114 2821 convenit,
1140 2761 1243 2810 hoe
1263 2772 1343 2811 est
1371 2762 1485 2811 auri
1513 2761 1716 2812 solidos
1750 2764 1971 2833 probos,

138 2847 370 2917 optimos
414 2858 572 2918 atque
621 2859 931 2918 pensantes,
987 2869 1212 2899 numero
1262 2849 1553 2913 ducentos;
1608 2870 1713 2921 quo
1757 2851 1979 2901 veniens

135 2935 460 2986 venerabilis
496 2935 660 2986 frater
695 2937 956 2987 Patuinus
991 2937 1334 3007 praepositus
1370 2937 1435 2987 de
1471 2938 1588 3008 ipso
1624 2939 1974 2999 monasterio,

136 3042 241 3073 una
275 3042 394 3073 eum
428 3023 739 3074 venditione
777 3024 907 3095 ipsa,
939 3025 992 3074 in
1019 3025 1226 3095 privata
1252 3025 1578 3087 conlatione,
1609 3026 1724 3096 ipsa
1751 3026 1978 3097 protulit

139 3110 205 3161 ad
239 3110 609 3181 relegendum,
649 3111 774 3162 dum
819 3112 957 3162 inter
993 3133 1047 3163 se
1082 3113 1431 3163 intenderent
1475 3112 1552 3184 (hi
1596 3125 1719 3164 sunt
1753 3115 1976 3165 Bertho-

140 3199 330 3260 fridus,
377 3197 533 3249 Dodo
576 3219 679 3249 una
721 3220 839 3250 eum
883 3202 1113 3273 conjuge
1156 3221 1249 3251 sna
1301 3200 1576 3252 Eridilane
1618 3201 1700 3252 vel
1744 3203 1975 3253 Bertho-

138 3286 315 3347 landa,
371 3307 486 3337 eum
547 3286 842 3342 infantibus
898 3288 1007 3338 suis
1072 3289 1154 3338 his
1213 3289 1541 3350 nominibus,
1594 3289 1862 3341 Ademora
1924 3300 1975 3341 et
