2259 3692
1005 139 1301 190 -236—

221 265 512 335 plicatione
546 266 866 336 promeruit.
900 268 1006 318 Pro
1028 266 1180 317 cuius
1209 265 1466 317 beneficii
1486 266 1499 291 ¹
1529 267 1882 318 concessione
1910 288 2073 338 quen-

222 353 342 403 dam
378 373 472 404 sue
506 354 860 424 proprietatis
888 374 1133 405 mansum
1167 355 1220 405 in
1250 355 1597 425 Berghuson,
1638 355 1666 405 8
1706 355 1916 406 modios
1960 357 2073 406 sili-

219 441 362 511 ginis
408 461 528 492 cum
577 441 805 493 totidem
854 442 1049 493 modiis
1099 442 1293 493 hordei
1334 452 1406 493 et*
1445 462 1608 493 unum
1659 444 2074 495 mercator‘1um2

220 529 509 600 leguminis
544 530 820 581 annuatim
847 531 1269 601 persolventem,
1304 531 1370 581 ad
1397 531 1769 601 supradictum
1804 532 2073 603 delegavit

221 617 404 668 altare.
457 618 776 689 Prepositus
824 639 950 669 vero
996 620 1135 670 hanc
1186 619 1301 670 eius
1351 620 1547 669 bonam
1594 619 1923 671 voluntatem
1972 621 2072 672 hac

220 706 584 757 remuneravit
610 707 880 768 mercede,
911 718 987 768 ut,
1013 728 1136 758 mox
1162 708 1329 758 altera
1350 708 1432 758 sui
1458 707 1591 758 iuris
1619 707 1832 768 ancilla,
1868 709 2071 759 Evekin

219 794 456 855 nomine,
491 814 591 865 pro
626 795 812 846 eadem
842 795 1000 847 Imiza
1029 796 1271 857 reddita,
1310 807 1418 846 tam
1447 796 1550 866 ipsi
1586 816 1743 866 quam
1775 796 1928 846 uxori
1957 797 2071 846 eius

220 882 328 933 sive
343 881 468 933 filiis
485 903 670 934 eorum
687 883 862 954 ipsum
883 883 1133 954 predium
1153 904 1252 955 pro
1273 884 1485 935 duobus
1506 904 1603 955 per
1631 884 1874 956 singulos
1903 904 2071 935 annos

220 970 456 1022 denariis
508 971 574 1022 ad
609 972 735 1022 item
780 972 946 1023 altare
983 972 1157 1023 saneti
1192 972 1449 1044 Liudgeri
1496 973 1872 1043 persolvendis
1920 974 2072 1043 quasi

218 1058 549 1110 hereditario
584 1060 699 1110 iure
722 1058 739 1084 3
773 1060 1103 1111 concederet
1127 1060 1538 1131 possidendum.
1579 1063 1739 1112 Facta
1767 1073 1943 1112 autem
1971 1062 2072 1112 hec

220 1147 506 1198 conventio
539 1147 836 1198 venerandi
863 1148 1074 1199 abbatis
1100 1148 1440 1219 temporibus
1470 1148 1736 1209 Oddonis‚
1777 1151 1918 1201 Gere
1945 1170 2070 1219 pre-

218 1235 516 1306 posituram
552 1235 798 1286 simulet
842 1236 1024 1287 altaris
1076 1236 1377 1287 custodiam
1430 1246 1672 1297 tenente,
1726 1237 1907 1287 villico
1956 1237 2070 1288 eius

220 1324 371 1374 Ebbe
419 1324 523 1374 hoc
572 1325 948 1376 concambium
983 1324 1321 1395 perficiente,
1362 1344 1542 1376 coram
1580 1325 1864 1396 utriusque
1912 1345 2069 1376 sexus

217 1431 573 1482 personarum
598 1413 851 1474 testibus,
890 1433 1120 1484 quorum
1149 1413 1367 1464 nomina
1394 1413 1620 1464 inferius
1648 1434 1711 1464 ex
1738 1424 1890 1484 parte
1918 1433 2068 1465 cons-

219 1500 504 1571 cripsimus
539 1499 628 1572 (10
664 1502 828 1571 1101113)
864 1512 917 1552 et
951 1501 1041 1552 alii
1067 1501 1372 1573 perplures.

220 1760 285 1807 ΝΟ
315 1765 447 1811 170.
488 1761 746 1810 Donation
765 1768 812 1810 et
840 1762 1139 1810 investiture
1158 1762 1507 1830 symbolique.
1528 1763 1730 1813 Notice.
1756 1764 1876 1828 (An.
1905 1767 2065 1831 1090.)

514 1938 760 1986 Biblioth.
791 1939 878 1987 Ec.
909 1939 996 1987 des
1024 1940 1256 1999 Chartes,
1287 1946 1325 1988 t.
1355 1941 1433 2000 36,
1464 1941 1576 1999 412,
1609 1949 1662 1988 11⁰
1693 1944 1769 1988 18.

291 2124 491 2174 Notum
526 2122 594 2173 sit
629 2124 1035 2174 suecessoribus
1062 2125 1282 2185 nostris,
1316 2124 1463 2195 quod
1498 2126 1772 2176 Hubertus
1808 2126 1873 2177 de
1909 2129 2066 2178 Cam-

218 2210 378 2281 pania
410 2210 732 2281 perdonavit
766 2221 952 2262 saneto
986 2212 1265 2264 Florentio
1300 2223 1352 2263 et
1386 2213 1500 2263 eius
1528 2214 1805 2264 monachis
1852 2235 2065 2266 omnem

219 2297 510 2350 vicariam'*
548 2309 725 2350 terrae
787 2320 973 2351 eorum
1021 2301 1163 2352 circa
1207 2301 1513 2353 Salmurum
1533 2299 1566 2351 ⁵.
1625 2303 1691 2352 Et
1732 2302 1784 2352 in
1827 2304 2065 2354 testimo-

220 2387 367 2438 nium
401 2387 813 2458 perdonationis
851 2389 1013 2440 huius
1055 2389 1350 2460 amputavit
1396 2390 1758 2441 summitatem
1796 2391 2066 2463 ligaminis

221 2475 398 2537 serici,
439 2495 545 2546 quo
587 2475 758 2546 pelles
801 2496 927 2527 suae
971 2497 999 2528 a
1032 2488 1254 2548 pectore
1298 2479 1677 2539 nectebantur,
1717 2489 1769 2530 et
1812 2499 1930 2530 cum
1974 2480 2066 2530 illo

277 2697 317 2736 1.
352 2696 478 2736 Pom·
502 2694 787 2738 reconnaitre
814 2712 859 2738 ee
888 2696 1080 2752 bienfczit
1104 2697 1167 2739 du
1191 2698 1346 2756 ρνένόί
1375 2699 1424 2739 G.

279 2763 317 2802 2.
356 2763 535 2802 Illesure
558 2762 640 2819 qui
661 2761 787 2803 m’est
813 2763 1052 2805 z'ncomzue.

279 2829 316 2868 3.
361 2825 507 2881 Qu'ils
535 2826 742 2869 dewac‘ent
778 2828 1000 2885 posse'der
1037 2844 1204 2871 comme
1239 2828 1339 2870 s’z'ls
1381 2845 1429 2870 en
1458 2831 1638 2871 avaient
1673 2830 1825 2886 lze'rite',
1871 2847 1919 2872 en
1951 2846 2064 2890 pro-

216 2892 361 2950 prie'te'
382 2893 522 2948 (saus
538 2892 574 2934 le
602 2894 745 2949 cens).

279 2960 317 2999 4.
358 2958 553 3013 Loersclz,
584 2969 631 2999 11ο
658 2962 726 3011 88,
766 2967 867 3001 note
895 2963 932 3015 1,
978 2960 1157 3003 traduit
1198 2962 1528 3003 inexactement
1554 2978 1599 3003 ce
1639 2969 1731 3003 mot
1764 2978 1857 3021 par·
1887 2980 1902 3001 ι
1933 2966 2064 3005 Hun-

221 3023 477 3078 det-tscleaft
514 3042 529 3064 »
564 3026 782 3079 centalne,
814 3026 896 3083 qui
936 3026 1119 3081 de'signe
1155 3041 1238 3068 une
1275 3028 1654 3086 circonscription
1695 3029 1985 3071 territoriale.
2026 3029 2069 3071 ll

218 3092 324 3144 faut
350 3089 559 3131 tracluire
585 3089 871 3149 simplement
892 3107 984 3150 par
1010 3093 1194 3134 vicairz'e
1214 3108 1270 3135 ou
1303 3110 1317 3132 α
1351 3095 1517 3147 marie,
1549 3095 1684 3135 voirie
1708 3112 1744 3135 ».
1768 3094 1811 3135 Il
1834 3095 1986 3151 s’agit‚
2007 3097 2068 3137 ici

221 3154 300 3196 des
327 3154 475 3197 droits
509 3155 563 3197 de
594 3172 609 3194 α
633 3157 804 3214 justice
830 3175 862 3212 v,
897 3157 980 3199 tels
1007 3174 1092 3216 que
1119 3158 1181 3200 les
1207 3166 1434 3218 comperte
1462 3159 1508 3202 la
1540 3178 1554 3199 u
1586 3161 1720 3202 voirc'e
1765 3179 1797 3214 »,
1828 3176 1910 3202 sm·
1945 3160 2066 3203 leurs

217 3235 411 3280 propres
447 3229 598 3269 terres,
645 3221 758 3264 dont
783 3224 838 3264 H.
875 3224 966 3278 salt
997 3223 1250 3267 l’abandon
1280 3240 1378 3267 aux
1403 3227 1589 3274 moines,
1629 3242 1679 3267 en
1717 3234 1836 3268 sorte
1874 3242 1958 3285 que
1995 3243 2066 3268 ces

221 3287 423 3329 derniers
449 3303 500 3329 en
526 3295 679 3330 ser-ont
703 3290 936 3344 seigneurs
963 3291 990 3331 (ὶ
1012 3289 1057 3332 la
1082 3291 1189 3347 fois,
1216 3292 1547 3350 proprie'taires
1573 3299 1612 3334 et
1630 3293 1885 3349 justiciers.

280 3355 318 3396 5.
359 3357 576 3395 Saccmur.
