2259 3692
920 174 1182 224 ..25-

124 300 252 353 dere
278 320 377 352 nec
406 300 608 351 donare
634 320 734 352 nec
759 300 815 351 in
842 300 991 352 nullo
1018 302 1178 353 modo
1213 302 1516 355 distrahere
1543 325 1643 356 nee
1669 305 1816 376 ipsos
1843 325 1970 356 usus

124 390 179 441 in
206 389 428 441 alterius
455 408 644 439 manus
678 388 994 451 transferre,
1033 390 1129 441 sed
1165 402 1288 462 post
1326 412 1502 443 meum
1530 413 1747 465 quoque
1774 393 1970 445 disces-

127 499 262 540 sum,
295 479 500 549 absque
537 477 700 528 ullius
741 488 1020 548 expectata
1062 479 1356 531 traditione
1398 481 1480 531 vel
1523 481 1761 532 iudicum
1800 482 1971 533 eonsi-

126 568 403 640 gnatione,
435 566 640 636 absque
670 565 1029 617 diminutione
1067 587 1248 618 rerum
1285 569 1367 619 vel
1411 569 1819 640 mancipiarum‚
1854 590 1972 621 cum

127 655 272 706 omni
300 653 664 725 suprapositO,
696 654 778 704 vel
807 655 1069 726 quicquid
1102 656 1157 706 in
1192 656 1307 727 ipsa
1336 657 1451 708 loca
1478 657 1721 728 aspicere
1747 658 1829 709 vel
1855 678 1973 729 per-

125 744 300 795 tinere
340 742 572 802 videtur,
615 762 707 792 vos
749 743 1090 815 heredesque
1128 745 1311 807 vestri,
1352 746 1434 796 vel
1480 746 1565 797 eui
1603 767 1630 797 a
1666 746 1818 797 vobis
1857 767 1974 817 per-

127 832 348 883 missum
399 830 586 891 suerit,
634 830 687 881 in
739 852 925 882 eorum
973 832 1171 884 saciant
1218 855 1471 885 revocare
1520 845 1845 905 potestatem
1892 835 1974 885 vel

129 920 570 972 dominationem.
618 922 683 972 Et
728 921 770 971 si
813 921 974 972 suerit
1014 933 1103 973 aut
1142 908 1242 995 ego
1278 923 1393 993 ipsc
1422 934 1511 973 aut
1548 923 1689 974 ullus
1725 944 1788 974 ex
1824 924 1974 974 here-

130 1010 288 1061 dibus
315 1009 447 1060 meis
472 1010 554 1060 vel
583 1009 842 1080 quislibet
867 1031 1119 1081 persona,
1146 1011 1237 1082 qui
1265 1022 1448 1062 contra
1479 1013 1574 1062 has
1602 1012 1976 1084 oblegationes

131 1098 364 1169 aliquam
392 1098 713 1149 calumniam
750 1099 833 1149 vel
874 1099 1257 1170 repetitionem
1293 1110 1382 1150 aut
1410 1111 1778 1172 contemptum
1817 1121 1975 1173 gene-

129 1207 249 1238 rare
275 1187 688 1258 presumpserit,
715 1187 849 1238 illud
871 1188 1018 1259 quod
1043 1188 1240 1258 repetit
1269 1208 1375 1238 non
1395 1188 1653 1249 vindicet,
1678 1200 1729 1240 et
1755 1189 1977 1260 insuper

132 1286 318 1327 contra
346 1275 431 1326 eui
470 1275 617 1326 litem
660 1276 905 1327 intulerit
942 1276 1145 1327 solidos
1175 1276 1275 1327 200
1305 1287 1596 1347 conponat,
1627 1288 1680 1328 et
1712 1278 1808 1328 has
1835 1277 1978 1328 oble-

131 1364 377 1437 gationes
404 1383 512 1415 uno
537 1374 728 1416 tenore
756 1364 1093 1435 conscriptas
1120 1364 1300 1415 firmas
1326 1375 1699 1435 permaneant.

135 1633 201 1681 N⁰
226 1636 322 1685 23.
364 1632 582 1681 Divorce
615 1648 720 1697 par
760 1635 1138 1678 consentement
1194 1629 1405 1678 mutuel.
1459 1629 1710 1679 Te'moins.
1758 1630 1975 1680 Leltres,

855 1710 1042 1760 Clause
1060 1710 1268 1777 pe'nale.

568 1883 640 1947 (Z.
675 1884 749 1948 19)
780 1883 953 1930 Form.
983 1883 1176 1930 Turon.
1210 1883 1291 1947 (R.
1327 1881 1388 1930 G.
1422 1883 1552 1946 110).

792 2053 1060 2104 Libellum
1093 2053 1326 2124 repudii.

214 2189 240 2215 «
286 2166 461 2217 Certis
488 2166 650 2216 rebus
679 2176 731 2215 et
766 2164 1010 2235 probatis
1040 2164 1213 2214 causis
1240 2163 1382 2213 inter
1409 2164 1659 2213 maritum
1687 2174 1738 2213 et
1766 2183 1986 2213 uxorem

138 2254 462 2326 repudiandi
493 2254 642 2304 locus
670 2253 853 2324 patetl
887 2274 933 2302 )).
968 2252 1197 2312 Idcirco,
1229 2251 1354 2302 dum
1388 2251 1529 2302 inter
1556 2251 1648 2301 illo
1676 2262 1728 2301 et
1757 2252 1987 2323 coniuge

140 2364 233 2394 sua
267 2342 358 2393 illa
399 2362 506 2393 non
543 2342 735 2393 caritas
779 2341 1076 2392 secundum
1118 2342 1292 2390 Deum
1334 2340 1429 2390 sed
1468 2339 1738 2390 discordia
1773 2350 1983 2411 regnat,

140 2444 193 2483 et
241 2432 456 2482 illorum
505 2431 652 2481 nulla
694 2442 772 2481 est
822 2429 1068 2480 voluntas
1117 2429 1320 2499 pariter
1356 2428 1740 2488 conversandi,
1786 2428 1989 2498 placuit

140 2521 387 2591 utrisque
422 2519 812 2580 voluntatibus,
852 2529 909 2569 ut
947 2539 1002 2568 se
1041 2538 1067 2569 a
1106 2514 1380 2568 consortio
1425 2516 1695 2588 coniugali
1739 2536 2021 2592 separare>

143 2610 436 2672 deberent3
481 2608 627 2679 quod
661 2608 733 2658 ita
760 2619 812 2658 et
847 2608 1110 2657 lecerunt.
1144 2608 1439 2676 Propterea
1474 2606 1569 2655 has
1597 2605 1854 2674 epistolas
1882 2624 1989 2654 uno

108 2704 111 2707 ⁴
141 2709 331 2748 tenore
366 2694 738 2767 conseriptas²
764 2696 904 2745 inter
942 2716 997 2745 se
1039 2695 1155 2745 fieri
1197 2705 1248 2744 et
1291 2693 1574 2744 adfirmare
1609 2693 1984 2751 decreverunt,

145 2797 220 2847 ut,
246 2785 506 2856 quicquid
534 2784 797 2854 unusquis
825 2804 888 2834 ex
915 2784 1045 2854 ipsis
1074 2783 1139 2832 dc
1168 2792 1336 2832 semet
1363 2781 1480 2851 ipso
1508 2781 1684 2831 facere
1708 2780 1985 2839 voluei·it³'',

145 2876 349 2945 absque
388 2873 713 2944 repetitione
753 2872 884 2922 socii
927 2871 1008 2922 sui
1054 2871 1279 2920 liberam
1321 2870 1517 2920 habeat.
1558 2879 1900 2940 potestatem,
1940 2879 1992 2918 et

146 2963 347 3014 nullam
391 2960 803 3032 requisitionem
846 2980 1022 3030 neque
1060 2959 1163 3029 ipsi
1205 2958 1259 3008 in
1299 2968 1459 3028 eaput
1500 2977 1676 3028 neque
1714 2956 1820 3007 ulla
1850 2956 1990 3027 quis-

207 3149 246 3187 1.
292 3147 395 3203 Voy.
431 3148 532 3187 Leae.
562 3146 692 3186 Rom.
731 3143 872 3200 Visc'g.
906 3142 1013 3185 Cod.
1052 3141 1215 3185 Tlaeod.
1242 3144 1326 3198 JJI,
1360 3144 1427 3198 16,
1460 3144 1500 3183 1.
1529 3144 1768 3199 Interpret.

207 3215 246 3255 2.
289 3214 354 3254 On
382 3211 596 3253 cldlc'swit
621 3212 648 3252 ἁ
673 3210 849 3252 chacun
874 3208 953 3251 des
980 3208 1183 3251 dis-orce's
1209 3225 1265 3250 un
1298 3225 1313 3247 (ι
1347 3207 1514 3250 double
1545 3226 1579 3248 ».

208 3281 248 3321 3.
290 3277 607 3325 C’est-cz-dire,
645 3292 811 3318 comme
846 3290 900 3317 orl
929 3274 965 3316 le
999 3275 1093 3316 sait
1111 3290 1203 3333 par
1227 3274 1305 3316 (les
1336 3273 1555 3330 formales
1583 3272 1851 3328 αηαῖοὲιιεε,
1883 3270 1998 3329 qu’il

149 3359 323 3404 ροιιιϊα
342 3360 387 3386 sc
407 3344 623 3385 remarier
643 3343 872 3399 (copoiam
896 3342 1179 3383 matrimonii
1204 3341 1398 3395 sociare)
1419 3355 1476 3382 οιι
1495 3355 1539 3382 sc
1564 3353 1804 3382 consacrcr
1830 3339 1857 3379 (ὶ
1882 3337 1995 3378 Die«.

152 3412 226 3466 (ad
257 3410 492 3453 servitium
522 3409 607 3452 Dei
635 3410 680 3451 in
707 3407 1028 3463 monasterio).
