2259 3692
1019 181 1311 231 -178-

247 466 314 513 ΝΟ
342 468 474 515 122.
514 463 714 512 Justice
765 462 1036 528 coloriqere
1078 460 1483 527 ecclesiaslique.
1537 459 1853 509 ,Iuridiction
1900 461 2095 526 episco-

299 546 441 612 pale.
473 544 852 593 Reclamations
878 542 938 591 de
976 543 1166 591 maires
1194 542 1476 613 reclamant
1514 547 1687 590 contre
1727 559 1822 590 une
1847 559 2094 608 auqmen-

310 627 469 676 {allon
495 625 779 675 arhilraire
815 624 876 673 cle
914 643 1049 674 cens.
1080 625 1319 691 Etzquele
1351 641 1456 689 par
1484 621 1859 672 l'arclzicliacre.
1891 623 2092 671 Preuoe

302 727 404 774 par
431 708 641 757 {e'moins
668 714 714 757 et
739 713 980 756 serment.
1014 706 1133 771 (An.
1162 706 1422 770 <am-9230

766 861 976 921 Perard,
1011 861 1135 910 Rec.
1166 861 1379 924 Bourg.,
1412 878 1463 925 p.
1491 862 1572 908 60.

321 1020 523 1073 Notitia
544 1019 777 1091 qualiter
804 1029 856 1070 et
884 1019 1081 1089 quibus
1108 1017 1489 1089 praesentibus
1516 1026 1568 1067 et
1594 1024 1717 1066 ante
1735 1034 1825 1065 cos
1853 1015 1945 1086 qui
1973 1015 2093 1066 sub-

242 1119 326 1160 ter
375 1109 743 1169 firmaverunt,
780 1107 1061 1158 venientes
1112 1106 1331 1176 quidam
1381 1104 1649 1165 homines,
1695 1104 1992 1154 servientes
2042 1114 2094 1154 et

244 1197 433 1248 fideles
469 1196 745 1248 Ecclesiae
780 1195 952 1246 sancti
989 1194 1255 1265 Stephani
1289 1193 1638 1244 Divionensis
1673 1192 1738 1243 de
1771 1192 2094 1263 Aqueducto

242 1285 386 1346 villa,
425 1285 481 1335 in
515 1285 694 1355 ipsum
734 1283 1019 1335 Divionem
1059 1292 1312 1343 castrum,
1356 1291 1478 1332 ante
1513 1281 1877 1352 praesentiam
1911 1280 2095 1336 domni

245 1374 498 1427 Garnerii
555 1372 918 1445 Lingonensis
976 1371 1252 1422 Ecclesiae
1306 1369 1593 1421 reverendi
1643 1369 1920 1429 antistitis,
1972 1379 2096 1419 ante

244 1463 405 1513 etiam
453 1460 832 1513 honorabilem
880 1461 1053 1511 virum
1108 1459 1569 1511 Archidiaconum
1618 1468 1670 1509 et
1725 1457 2095 1529 praepositum

244 1551 416 1622 ipsius
451 1550 727 1602 Ecclesiae
756 1549 928 1601 sancti
965 1548 1250 1619 Stephani,
1290 1547 1633 1608 Ratherium,
1681 1546 2096 1617 Canonicosque

250 1639 495 1690 eiusdem
546 1639 671 1700 loci,
711 1638 1000 1690 Hedierius
1049 1637 1324 1698 videlicet,
1378 1636 1547 1687 maior
1588 1635 1898 1707 praedictae
1941 1634 2098 1685 villae

247 1728 578 1799 Aqueducti,
617 1737 670 1778 et
705 1727 905 1779 caeteri
949 1726 1246 1777 servientes
1288 1745 1352 1776 ex
1394 1724 1580 1776 eadem
1621 1724 1765 1785 villa,
1813 1723 2094 1794 conquesti

245 1827 370 1868 sunt
386 1827 437 1867 et
453 1817 883 1868 reclamaverunt
898 1815 1197 1876 humiliter,
1223 1814 1487 1876 dicentes,
1513 1812 1659 1885 quod
1677 1812 1894 1884 quidam
1911 1831 2096 1862 eorum

245 1905 564 1976 praepositi,
604 1904 926 1976 Hergaudus
960 1903 1215 1955 videlicet
1253 1913 1305 1953 et
1340 1902 1540 1963 HeliaS,
1579 1900 1792 1953 novello
1825 1911 2092 1971 tempore,

244 2004 367 2064 post
393 1993 838 2046 Nortmannicam
878 1992 1231 2052 invasionem,
1275 1990 1547 2062 quoddam
1582 2010 1754 2061 genus
1794 1988 2006 2040 servicii
2033 2007 2098 2039 ex

245 2082 371 2132 XIII
408 2101 593 2133 eorum
637 2080 917 2141 colonicis,
964 2100 1061 2151 per
1105 2080 1445 2130 occasionem
1495 2089 1547 2129 et
1574 2087 1916 2149 potestatem,
1956 2076 2096 2127 ultra

247 2189 469 2221 censum
498 2169 716 2220 solitum
745 2169 891 2240 quod
926 2168 1167 2240 legitime
1204 2167 1496 2227 debebant,
1539 2166 1645 2216 illis
1679 2166 2092 2236 imposuerunt;

248 2258 486 2309 modium
518 2258 774 2309 videlicet
808 2257 988 2317 musti,
1021 2256 1087 2307 ad
1114 2277 1249 2327 opus
1276 2256 1646 2327 praepositum
1675 2274 1739 2305 cx
1770 2272 2094 2324 unaquaque

248 2347 493 2398 colonica
524 2347 707 2398 vinum
750 2345 1050 2397 reddendi:
1105 2344 1251 2415 quod
1300 2363 1591 2414 numquam
1641 2352 1795 2393 antea
1832 2341 2090 2401 fecerant,

247 2455 349 2486 nec
375 2436 499 2506 ipsi,
525 2455 623 2486 nec
644 2446 846 2506 patres,
880 2444 969 2485 aut
995 2434 1076 2484 avi
1104 2453 1309 2494 eorum,
1342 2442 1394 2483 ct
1419 2452 1517 2503 per
1539 2431 1801 2502 quosdcm
1822 2449 1992 2481 annos
2020 2430 2093 2480 III

248 2534 301 2575 et
341 2533 610 2594 potestate
646 2524 749 2574 hoc
801 2523 866 2573 ab
916 2522 1023 2572 illis
1066 2531 1432 2582 extorserunt,
1473 2540 1674 2591 eosque
1717 2519 1771 2569 in
1809 2519 1912 2569 hoc
1955 2517 2094 2568 facto

248 2610 555 2663 afflixerunt
581 2635 590 2675 ;
637 2610 965 2662 affirmantes
1000 2631 1054 2661 sc
1089 2611 1291 2661 hahere
1318 2609 1584 2680 plurimos
1613 2618 1664 2658 ct
1689 2627 1908 2658 veraces
1934 2616 2094 2676 atquc

246 2700 451 2751 visores
484 2710 671 2761 testes,
712 2700 803 2770 qui
831 2700 933 2750 hoc
968 2699 1038 2749 ita
1066 2719 1251 2749 verum
1279 2718 1395 2748 esse
1424 2697 1645 2756 scirent,
1678 2706 1729 2746 et
1757 2714 1919 2765 super
1947 2712 2094 2744 sanc-

247 2798 427 2839 torum
469 2788 727 2858 reliquias
762 2798 813 2838 et
850 2787 1035 2838 altaria
1080 2795 1416 2837 sacramento
1458 2784 1812 2854 comprobare
1846 2791 2090 2852 possent,

249 2876 396 2946 quod
428 2876 562 2926 tales
597 2876 854 2946 Eulogias
897 2874 1045 2925 nullo
1085 2873 1244 2924 modo
1281 2872 1561 2923 deberent.
1612 2873 1715 2922 Per
1750 2869 2094 2921 commenda-

246 2965 451 3015 tionem
487 2984 616 3035 ergo
644 2963 908 3033 praedicti
936 2962 1221 3033 praesuliS,
1254 2961 1353 3011 hac
1379 2980 1535 3011 causa
1564 2959 1856 3031 diligenter
1892 2979 1918 3008 a
1946 2977 2095 3028 prae-

249 3052 357 3103 fato
384 3051 785 3102 Archidiacono
810 3050 1091 3101 veritatem
1126 3049 1253 3103 satis
1296 3049 1434 3099 bene
1479 3058 1708 3108 amante,
1747 3046 2006 3117 inquisita
2044 3055 2096 3095 et

248 3140 590 3211 investigata,
623 3158 802 3189 coram
835 3138 1083 3209 plurimis
1112 3137 1204 3207 qui
1237 3137 1291 3187 in
1321 3136 1494 3187 causis
1537 3135 1780 3195 aderant,
1819 3143 2094 3204 repertum

250 3238 349 3289 est,
388 3228 536 3298 ipsos
586 3227 882 3277 servientes
922 3226 1202 3276 veritatem
1251 3225 1472 3286 habere,
1513 3234 1564 3275 et
1615 3222 1761 3294 quod
1810 3221 2093 3273 occasione

249 3315 600 3387 Eulogiarum
634 3315 810 3385 ipsum
839 3313 1075 3364 modium
1119 3314 1281 3364 musti
1307 3332 1406 3384 pro
1432 3311 1730 3363 vindemias
1757 3310 1906 3361 nullo
1933 3307 2093 3359 modo

250 3403 531 3454 deberent.
565 3403 764 3453 Audito
793 3422 922 3473 ergo
957 3412 1312 3462 sacramento,
1353 3400 1499 3471 quod
1526 3419 1688 3470 super
1721 3399 1886 3450 altare
1922 3395 2091 3447 sancti
