2259 3692
1017 73 1276 123 ,ὀρ-

222 191 360 243 saltu
387 191 648 243 latissimo
676 190 1124 262 longissimoque,
1149 201 1329 242 utrum
1350 201 1402 241 et
1429 191 1597 241 ceteri
1625 191 1767 243 cives
1794 192 1849 243 in
1877 194 2067 245 eodem

220 280 493 352 lignorum
535 279 990 349 materiarumque
1033 299 1309 329 caesuram
1351 289 1674 350 pastumque
1708 280 1791 331 vel
1827 282 2067 353 saginam

219 368 530 421 animalium
572 367 773 418 habere
814 387 911 438 per
961 387 1109 418 suam
1158 368 1553 428 auctoritatem,
1600 387 1665 418 an
1714 388 1778 419 ex
1826 369 2067 420 eiusdem

217 458 323 509 loci
358 456 591 507 dominis
625 455 873 526 precario
902 454 1185 506 deberent.
1220 458 1371 507 Tunc
1405 456 1554 506 iussu
1581 456 1868 507 missorum
1903 458 2066 529 impe-

216 546 411 598 ratoris
447 544 652 595 domini
678 543 766 604 A.,
799 554 1135 594 sacramento
1168 544 1320 615 prius
1356 545 1410 594 in
1450 554 1759 595 sanctorum
1798 545 2067 616 reliquisa

214 643 455 705 peracto,
496 632 682 683 decem
726 632 992 702 primores
1029 631 1094 682 de
1134 632 1391 683 comitatu
1426 635 1490 684 N.
1536 642 1588 683 ct
1624 632 1714 683 alii
1757 644 1964 704 septem
2000 633 2065 684 de

216 722 473 773 comitatu
511 722 576 772 N.
611 740 811 790 sexque
847 719 937 770 alii
971 719 1036 770 de
1073 720 1330 771 comitatu
1369 723 1458 781 N.,
1493 720 1585 791 qui
1623 720 1914 772 viciniores
1948 742 2065 772 esse

213 810 557 869 videbantur,
583 808 885 859 diviserunt
912 808 1144 859 eundem
1172 808 1364 859 saltum
1392 809 1495 859 hoc
1523 808 1702 869 inodo,
1727 820 1785 860 ut
1812 809 1877 860 de
1904 808 2065 860 fluvio

214 895 400 970 loquib
427 897 625 948 dicitur
667 899 731 948 N.
780 917 991 947 sursum
1038 917 1225 947 versus
1268 907 1320 947 et
1368 897 1471 948 alio
1515 897 1607 968 qui
1656 897 1854 948 dicitur
1902 900 1966 950 N.
2013 908 2065 949 et

211 987 375 1038 tertio
402 986 494 1057 qui
521 985 831 1036 nominatur
856 986 921 1036 N.
952 1005 1164 1035 sursum
1191 1005 1377 1035 versus
1405 984 1471 1036 ad
1501 985 1691 1036 cellam
1718 986 1890 1036 sancti
1917 986 2063 1037 illius

211 1075 433 1146 proprie
474 1073 751 1145 pertinere
787 1072 1070 1133 deberent,
1113 1084 1166 1123 et
1207 1073 1388 1123 nullus
1432 1073 1486 1123 in
1529 1073 1733 1124 eisdem
1781 1074 1914 1124 locis
1966 1074 2063 1124 ali-

212 1183 372 1235 quem
428 1182 583 1213 usum
638 1161 859 1221 habeat,
915 1161 1016 1210 nisi
1060 1181 1126 1211 ex
1180 1161 1446 1231 permisso
1494 1171 1768 1212 rectorum
1817 1162 2061 1213 eiusdem

211 1251 383 1303 sancti
432 1250 568 1312 loci3
622 1248 876 1299 deorsum
917 1268 1104 1299 versus
1155 1259 1332 1299 autem
1391 1249 1830 1319 supradictorum
1879 1249 2061 1301 fluvio-

210 1339 384 1390 lorum
433 1358 620 1389 omnes
670 1336 749 1387 illi
804 1357 1072 1408 pagenses
1128 1337 1395 1396 similiter,
1450 1337 1589 1388 sicut
1642 1336 1843 1389 familia
1891 1338 2062 1389 sancti

208 1428 374 1488 illius,
413 1447 568 1477 usum
600 1426 836 1476 habeant
870 1425 1101 1476 cedendi
1135 1425 1283 1497 ligna
1325 1436 1377 1476 et
1423 1426 1675 1476 materies
1710 1426 2060 1498 saginamque

207 1536 499 1587 porcorum
532 1514 615 1565 vel
647 1524 858 1584 pastum
903 1534 1162 1584 pecorum
1195 1535 1203 1563 :
1236 1534 1299 1564 eo
1336 1524 1517 1564 tamen
1551 1525 1710 1584 pacto
1744 1525 1802 1564 ut
1839 1514 2059 1565 foresta·

206 1605 319 1655 rius
355 1603 526 1656 sancti
560 1602 730 1673 ipsius
758 1622 849 1652 eos
879 1601 1166 1652 admoneat
1192 1612 1245 1652 et
1271 1602 1574 1662 conveniat,
1607 1622 1673 1653 ne
1701 1602 2055 1654 immoderate

206 1692 415 1743 ruendo
444 1692 665 1742 arbores
701 1690 1032 1762 glandiferas
1060 1701 1112 1740 et
1146 1690 1251 1740 sibi
1286 1691 1446 1740 nocui
1474 1701 1525 1740 et
1554 1702 1740 1741 sancto
1767 1691 1886 1741 loco
1914 1691 2056 1741 inve-

208 1781 426 1832 niantur
460 1779 674 1841 infcsti;
715 1778 860 1848 quod
902 1779 945 1828 si
980 1798 1088 1828 non
1124 1778 1490 1839 obaudierint.
1534 1779 1781 1849 provisor
1816 1778 2058 1829 eiusdem

207 1869 314 1920 loci
349 1868 599 1919 comitem
634 1877 723 1917 aut
760 1866 1018 1916 vicarium
1061 1866 1175 1916 cius
1219 1887 1337 1917 cum
1381 1866 1606 1937 reliquis
1640 1867 1961 1937 proceribus
2004 1867 2057 1917 in

205 1956 577 2008 testimonium
613 1954 886 2015 adhibeat,
934 1965 991 2004 ut
1034 1955 1275 2025 ipsorum
1320 1955 1641 2006 auctoritate
1685 1955 1751 2006 ad
1796 1955 2057 2006 iustitiam

206 2045 633 2116 distringantur3
673 2044 717 2093 si
744 2063 874 2093 uero
910 2063 1086 2113 neque
1114 2043 1222 2093 illis
1259 2044 1696 2108 consenseri[n]t,
1729 2043 1795 2093 ad
1829 2044 2056 2113 impera-

202 2134 337 2184 toris
372 2132 632 2183 iudicium
666 2131 851 2182 venire
881 2131 1297 2201 compellantur.

279 2222 345 2271 Et
391 2221 493 2271 11Οο
544 2220 905 2270 iuramentum
968 2219 1049 2269 vel
1100 2219 1422 2270 divisionem
1485 2230 1818 2291 peregerunt
1874 2239 2053 2269 coram

203 2309 396 2380 legatis
423 2307 766 2379 imperatoris
794 2309 858 2359 N.
884 2318 936 2358 et
962 2309 1026 2359 N.
1061 2318 1112 2358 et
1140 2308 1335 2358 comite
1362 2308 1487 2380 pagi
1515 2307 1680 2368 illius,
1713 2307 1930 2357 nomine
1958 2309 2048 2368 N.‚

201 2398 368 2448 scribe
409 2410 533 2469 quot
584 2397 810 2447 volueras
845 2417 945 2466 pet·
985 2403 1363 2447 nominativmn
1420 2417 1615 2460 casum,
1669 2395 2053 2466 testificatique

202 2496 327 2536 sunt
361 2485 507 2556 quod
540 2485 672 2535 haec
709 2484 794 2534 lex
830 2485 1169 2554 temporibus
1205 2484 1491 2535 Hludovici
1531 2484 1874 2555 imperatoris
1909 2484 2052 2534 inter

201 2573 354 2624 illum
388 2573 630 2624 eiusdem
665 2572 766 2622 loci
797 2572 1075 2623 dominum
1111 2583 1163 2623 et
1188 2572 1430 2643 reliquos
1458 2583 1599 2623 esset
1633 2592 1919 2643 pagenses.

258 3292 298 3346 a)
324 3291 415 3333 Lis.
448 3289 675 3348 reliquiis.
706 3317 760 3322 —
786 3290 831 3345 b)
862 3290 951 3332 Lis.
983 3290 1062 3331 illo
1092 3289 1184 3346 qui.
