2259 3692
1020 85 1278 134 -5-2-

1290 210 1302 234 ¹
1359 210 1561 262 ibidem
1624 213 2064 282 praesentabant,

226 210 512 283 Johanne),
581 211 820 261 chartam
884 211 1277 283 ambagibalem

225 320 383 371 qnam
425 299 621 350 Bethta
669 298 735 349 ad
783 298 930 369 ipsos
974 298 1208 350 infantes
1259 319 1383 350 suos
1433 298 1652 361 fecerat,
1691 300 1786 350 ubi
1833 301 2069 352 habebat

223 388 504 447 insertum,
537 386 660 437 dum
697 386 998 448 advivebat,
1030 398 1082 438 et
1119 388 1172 437 in
1206 398 1388 458 partes
1423 387 1554 438 duas
1589 388 1862 460 Leogisilo
1899 409 2066 460 quon-

224 476 343 527 dam
379 477 609 548 conjuge
644 495 759 536 suo,
798 495 956 546 quam
984 486 1036 526 et
1070 496 1218 528 suam
1250 476 1465 527 tertiam
1501 475 1567 526 ad
1609 496 1764 527 usum
1805 478 2061 534 tenuerit,

222 575 274 615 et
304 574 428 635 post
455 584 609 614 suum
637 563 935 614 discessum
970 564 1036 614 ad
1064 566 1172 634 jam
1201 564 1374 615 dictos
1402 563 1635 614 infantes
1664 584 1788 615 51105
1812 575 1920 615 tam
1948 565 2065 616 illas

222 652 352 703 duas
400 663 581 723 partes
625 672 785 723 quam
834 663 887 703 et
944 673 1092 703 suam
1141 653 1355 703 tertiam
1410 653 1464 703 in
1515 673 1702 703 eorum
1758 654 2067 723 reciperent

221 740 609 802 dominatione,
643 740 769 791 dum
811 741 953 792 inter
996 761 1050 791 se
1093 741 1461 809 intenderent,
1508 741 1873 792 mediantibus
1908 742 2066 792 bonis

218 829 549 890 hominibus,
605 829 670 880 ad
718 829 866 900 pacis
917 829 1263 880 concordiam
1312 830 1413 880 visi
1460 840 1585 880 sunt
1628 849 1719 880 005
1760 849 2059 880 revocasse.

220 917 485 969 Convenit
518 917 660 968 inter
695 918 842 988 ipsos
877 918 1023 988 quod
1072 918 1163 969 illa
1213 929 1403 989 quarta
1436 929 1590 989 parte
1634 938 1793 989 quam
1837 919 2065 968 Ermen-

216 1005 369 1056 fredo
390 1006 662 1077 quondam
690 1006 744 1056 in
764 1007 1075 1057 Mansiones
1104 1006 1347 1057 debitum
1373 1017 1505 1068 erat,
1531 1007 1813 1057 memorati
1832 1006 2065 1057 infantes

217 1094 600 1154 Berthofredo,
639 1094 815 1155 Dodo,
848 1114 955 1145 una
983 1114 1102 1145 cum
1139 1097 1370 1167 conjuge
1400 1115 1493 1146 sua
1522 1095 1786 1146 Eodilane
1819 1095 1902 1146 vel
1931 1097 2064 1146 Ber-

214 1182 491 1242 tholanda,
540 1193 727 1233 contra
761 1182 1073 1233 venerabile
1128 1182 1294 1233 fratre
1330 1183 1561 1233 Patuino
1610 1183 1942 1254 praeposito,
1981 1183 2063 1234 vel

214 1270 332 1340 ipso
376 1270 724 1331 monasterio,
757 1281 1254 1341 quantumcumque
1297 1270 1500 1321 ibidem
1545 1271 1747 1321 habere
1788 1271 2059 1330 videntur,

215 1358 359 1408 omni
393 1369 639 1429 tempore
674 1359 910 1409 habeant
945 1358 1335 1422 evindicatum;
1369 1370 1421 1409 et
1448 1359 1661 1430 reliquo
1687 1379 1834 1419 vero,
1865 1369 1973 1409 tam
2008 1358 2063 1408 in

217 1446 430 1497 Soliaco
453 1467 611 1517 quam
638 1447 692 1496 111
720 1447 946 1497 Bariaco
975 1467 1067 1497 5011
1095 1458 1147 1498 01
1174 1447 1228 1497 111
1255 1447 1525 1509 Briscino,
1553 1447 1816 1518 quicquid
1843 1449 2062 1498 Ermen-

213 1533 366 1585 fredo
394 1535 666 1606 quondam
694 1536 951 1586 obvenire
981 1535 1186 1597 debuit,
1211 1535 1294 1586 vel
1322 1547 1581 1606 quantum
1615 1556 1712 1606 per
1744 1535 2063 1586 vinditionis

210 1623 428 1674 titulum
481 1634 776 1674 memorata
825 1624 1020 1675 Bethta
1061 1624 1169 1674 sive
1214 1626 1324 1695 jam
1367 1620 1607 1676 Noberta
1661 1624 1727 1675 ad
1769 1634 2063 1674 memorata

213 1711 435 1762 basilica
477 1712 743 1784 delegata,
777 1723 964 1763 contra
1013 1713 1132 1783 ips0
1183 1712 1547 1763 Berthosredo
1591 1723 1643 1762 et
1685 1712 1916 1763 Dodone
1956 1732 2062 1763 una

214 1819 333 1850 cum
369 1802 598 1872 conjuge
649 1820 743 1851 sua
792 1800 1054 1851 Eodilane
1097 1820 1197 1851 nec
1240 1821 1349 1851 non
1392 1811 1444 1851 et
1478 1800 1920 1850 Bertholandane
1952 1810 2061 1850 tam

210 1888 392 1948 terris,
432 1889 587 1949 casis,
627 1888 930 1959 mancipiis,
970 1888 1239 1950 domibus,
1274 1888 1553 1949 aedificiis,
1594 1888 1899 1949 accolabus,
1934 1908 2059 1959 pra-

210 1977 299 2037 tis,
354 1977 586 2047 pascuis,
640 1977 830 2037 vineis,
896 1977 1061 2037 silvis,
1117 1977 1269 2048 aquis
1329 1997 1653 2048 aquarumve
1714 1977 2054 2036 decursibus,

212 2065 410 2115 mobile
446 2076 498 2115 et
532 2065 827 2126 immobile,
855 2065 1059 2135 junctis
1102 2076 1153 2116 et
1189 2066 1514 2136 subjunctis,
1548 2065 1630 2115 vel
1674 2065 1820 2115 omni
1870 2085 2059 2135 supra-

211 2153 408 2223 posito,
456 2164 918 2224 (plantuncunque
983 2153 1037 2203 in
1089 2155 1198 2223 jam
1249 2154 1391 2204 dicta
1448 2154 1639 2203 locella
1702 2152 2059 2203 Ermensredo

211 2240 483 2311 quondam
510 2241 711 2291 habere
739 2241 1020 2301 debuerat,
1057 2261 1181 2311 pars
1213 2242 1528 2292 monasterii
1564 2240 2052 2300 sanctiVincentii,

209 2329 291 2379 vel
333 2331 447 2399 ejus
490 2340 750 2389 rectores,
791 2340 979 2380 contra
1021 2330 1168 2400 ipsos
1224 2330 1472 2380 homines
1517 2330 1766 2400 superius
1833 2348 2052 2379 conme-

210 2417 450 2478 moratis,
499 2417 709 2488 aequali
753 2417 905 2468 lance
949 2417 1190 2468 dividere
1236 2418 1456 2468 debent.
1504 2417 1660 2469 Unde
1706 2417 1960 2468 convenit
2000 2426 2058 2467 ut

208 2516 318 2555 tres
353 2505 609 2576 epistolas
635 2526 743 2556 11110
769 2517 960 2556 1011010
982 2506 1318 2577 conscriptas
1351 2507 1493 2557 inter
1513 2526 1568 2556 50
1589 2505 1706 2556 fieri
1733 2516 1785 2556 et
1812 2505 2057 2576 accipere

210 2593 500 2657 deberent3
540 2594 685 2664 quod
713 2605 763 2644 et
799 2595 870 2645 ita
899 2594 1162 2655 fecerunt,
1191 2605 1243 2644 ut
1278 2594 1458 2645 nullus
1482 2605 1672 2647 econtra
1695 2613 1879 2663 parem
1904 2613 2056 2643 suum

210 2681 275 2732 de
310 2682 427 2731 istis
457 2682 849 2732 convenientiis
879 2703 934 2732 se
962 2693 1231 2732 remutare
1266 2702 1373 2732 non
1402 2692 1604 2752 posset.
1640 2681 1799 2745 Quod
1827 2681 1919 2751 qui
1953 2681 2057 2731 hoc

210 2770 385 2820 facere
430 2771 876 2839 praesumpserit,
914 2780 1124 2840 partem
1167 2790 1315 2820 suam
1358 2790 1385 2820 a
1425 2790 1554 2840 pare
1589 2789 1684 2819 suo
1732 2769 1957 2829 amittat,
2005 2779 2057 2819 et.

209 2858 451 2928 insuper,
500 2857 630 2907 fisco
674 2858 932 2919 sociante,
981 2858 1096 2908 auri
1145 2857 1310 2908 libras
1359 2858 1564 2918 decem,
1616 2857 1828 2929 argenti
1872 2856 2056 2927 pondo

208 2945 420 3017 viginti,
460 2956 676 2996 coactus
711 2945 966 3001 exsolvat,
999 2956 1051 2995 et
1085 2965 1183 2995 1100
1230 2947 1304 2996 510
1348 2946 1494 3016 quod
1542 2946 1741 3016 repetit
1781 2944 2056 2995 vindicare

270 3175 311 3215 1.
348 3175 413 3214 En
440 3180 541 3215 note
560 3189 573 3215 .·
602 3190 616 3212 ιι
650 3172 868 3230 ambages
893 3173 1303 3216 controversiarum
1333 3171 1527 3214 tollebat
1554 3190 1590 3213 n.
1618 3173 1656 3213 A
1685 3185 1787 3213 mon
1811 3170 1922 3225 avis,
1946 3176 2055 3210 cette

211 3238 366 3281 οΙιανίε
386 3240 510 3295 e'taz't,
543 3254 602 3281 au
624 3240 866 3296 contraire,
899 3257 913 3279 α
935 3241 1120 3282 ηιαιίὲνε
1139 3256 1155 3281 1)
1180 3241 1208 3281 ἀ
1228 3239 1534 3286 discussions,
1560 3237 1665 3280 d’oz'c
1695 3236 1740 3278 la
1765 3235 2053 3278 transaction

212 3305 293 3363 qui
317 3320 370 3346 su
377 3305 425 3346 it.
