2259 3692
964 148 1225 200 *81-

179 278 405 329 absolvit
432 287 484 327 et
516 297 580 327 ex
607 276 899 345 cujuslibet
937 275 1175 325 dominio
1210 275 1292 324 vel
1319 274 1621 344 patrocinio
1651 285 1739 325 aut
1774 274 2016 345 quolibet

178 364 439 434 obsequio
489 363 869 413 libertinorum
904 383 1024 413 eum
1067 362 1282 422 exemit,
1336 360 1569 412 saciens¹
1606 363 1654 412 ei
1694 373 2016 432 potestatem

175 462 430 521 tanquam
463 471 728 521 personae
762 451 1030 522 ingenuae
1065 460 1117 500 61
1158 470 1222 500 ex
1254 449 1504 521 ingenuis
1546 450 1862 520 parei‘itibus
1897 470 2015 520 pro-

176 549 417 589 creatore
456 538 812 599 testificandi,
869 537 1223 597 testamcndi,
1271 537 1546 607 quaelibet
1595 538 1811 609 negotia
1859 557 2016 607 pera-

175 626 358 697 gendi,
397 646 494 697 per
530 637 759 697 quatuor
791 637 968 676 terrae
1010 625 1236 695 angulos
1269 625 1430 675 vitam
1470 625 1827 696 transigendi,
1867 635 1919 675 et
1952 625 2016 674 de

176 714 321 764 0111111
361 734 558 785 pecore
596 714 678 765 vel
726 714 987 784 peculiari
1023 713 1168 783 quod
1210 715 1356 763 Deus
1398 713 1446 763 ei
1489 713 1640 763 daret
1681 713 1826 782 quod
1857 712 2018 762 vellet

178 801 427 852 faciendi.
482 804 643 853 Facta
678 812 822 852 carta
869 801 1135 851 libertatis
1181 801 1279 851 sub
1326 800 1410 850 die
1443 802 1539 853 VH
1577 800 1696 850 idus
1736 800 2012 859 februarii,

175 910 315 939 anuo
343 900 492 940 sexto
527 899 789 959 regnante
826 899 877 939 et
910 889 1210 958 imperante
1243 888 1548 938 Illudoicbo
1587 889 1927 958 imperatore.

174 1167 239 1214 ΝΟ
266 1171 359 1217 68.
402 1166 728 1232 Πέραςῐίίοηε
770 1165 952 1214 &eriles
986 1166 1047 1215 (Ie
1075 1166 1286 1215 le'moins
1315 1167 1487 1232 jures.
1527 1167 1824 1214 Essre'cuteur
1866 1172 2018 1214 lesla-

671 1247 937 1296 menlaire.
973 1247 1091 1311 (An.
1123 1250 1233 1306 821,
1265 1249 1321 1295 31
1354 1248 1531 1312 mars.)

772 1419 906 1466 Hist.
937 1419 1093 1480 Lang,
1126 1424 1162 1465 t.
1193 1418 1229 1476 1,
1261 1425 1314 1464 11Ο
1341 1419 1420 1463 57.

248 1586 604 1638 Conditiones
635 1597 1094 1636 sacramentorum
1130 1586 1195 1636 ad
1229 1606 1362 1656 quos
1391 1607 1455 1636 ex
1488 1586 1829 1637 ordinatione
1864 1586 2015 1657 Algi-

174 1676 328 1726 berto
361 1674 719 1735 vicedomino,
761 1674 1051 1734 Cixsilane,
1087 1673 1432 1734 Sunicsredo,
1469 1674 1819 1734 Gomesindo,
1845 1674 2017 1724 David

175 1773 227 1814 61
266 1763 514 1834 Aigilane
542 1762 805 1833 judicum,
858 1762 941 1812 vel
984 1762 1210 1812 aliorum
1258 1763 1525 1812 bonorum
1574 1762 1870 1823 11011111111111,
1926 1762 2018 1832 qui

175 1850 536 1920 subscripturi
561 1850 643 1900 vel
671 1850 825 1922 signa
852 1850 1082 1900 factores
1103 1857 1124 1877 ‘¹'
1157 1860 1300 1910 sunt,
1338 1849 1394 1900 id
1429 1860 1509 1900 est
1540 1849 1842 1910 Aderanus,
1884 1852 2017 1901 Res-

173 1939 365 1989 titutus
416 1938 740 1998 Deudulfus,
794 1939 972 1989 Leone
1019 1949 1070 1988 et
1115 1938 1332 1999 Salone,
1381 1958 1470 1988 605
1521 1958 1679 1988 causa
1726 1938 1853 1988 secit
1900 1958 2018 1988 6556

175 2037 476 2097 presentes,
503 2028 686 2096 jurare
713 2026 947 2077 debeant
966 2037 1131 2077 testes
1152 2026 1368 2097 prolati,
1403 2047 1536 2097 quos
1564 2026 1772 2096 profert
1804 2026 2017 2077 Mancio

174 2115 479 2185 presbyter,
513 2114 605 2184 qui
639 2125 721 2165 651
756 2114 1032 2186 abogadus
1070 2115 1134 2165 de
1169 2115 1414 2165 Johanne
1443 2115 1655 2175 abbate,
1695 2134 1753 2164 ac
1788 2114 1842 2164 in
1884 2114 2017 2164 facie

175 2202 240 2252 de
267 2202 504 2263 homine,
538 2202 755 2253 nomine
783 2205 954 2263 Justo,
981 2203 1074 2273 qui
1102 2213 1183 2253 est
1210 2203 1631 2253 elcmosenarius
1662 2202 1726 2252 de
1754 2202 2017 2252 Adalaldo

176 2290 267 2360 qni
300 2289 400 2340 suit
432 2289 669 2340 Mainion
689 2301 928 2351 vocatus,
952 2311 1058 2341 una
1084 2291 1303 2341 testium
1330 2291 1423 2361 qui
1449 2291 1551 2340 1106
1573 2292 1756 2360 jurare
1785 2290 2018 2340 debeant

176 2388 228 2427 et
256 2379 459 2447 jurant,
499 2377 555 2427 id
603 2388 683 2427 est
728 2380 928 2448 Lupus,
977 2379 1208 2430 Garbiso
1259 2389 1311 2429 61
1359 2381 1588 2429 Franco.
1629 2378 1798 2429 Jurati
1842 2388 2017 2427 autem

178 2464 405 2514 dicimus
431 2475 482 2514 et
505 2466 746 2534 juramus
767 2465 1028 2536 imprimis
1050 2487 1146 2537 per
1171 2468 1343 2516 Deum
1363 2477 1570 2536 patrem
1591 2466 2017 2536 omnipotentem

177 2562 229 2603 61
277 2553 496 2603 ,1116511111
561 2552 729 2603 filium
782 2555 897 2623 ejus
948 2556 1315 2625 Sanctumque
1368 2554 1650 2625 Spiritum,
1697 2554 1789 2624 qui
1837 2564 1916 2603 est
1963 2553 2016 2602 in

177 2640 495 2690 'l'rinitatcm
546 2661 685 2691 unus
734 2652 786 2691 61
820 2662 977 2692 verus
1020 2644 1186 2703 Deus,
1233 2653 1285 2693 et
1319 2663 1383 2692 ex
1431 2642 1606 2692 locum
1654 2641 2017 2692 venerationis

175 2728 436 2778 ecclesiae
474 2729 659 2779 Sancti
686 2729 884 2780 Juliani
917 2731 1167 2801 martyris
1202 2731 1425 2791 Christi,
1465 2733 1616 2801 cujus
1650 2730 1884 2780 baselica
1920 2729 2018 2779 sita

176 2815 397 2866 fundata
458 2827 540 2866 est
600 2817 740 2868 insra
804 2838 984 2868 muros
1051 2819 1264 2869 civitate
1319 2819 1593 2879 Narbona,
1655 2838 1816 2888 super
1868 2819 2018 2887 cujus

177 2914 520 2954 sacrosancto
563 2904 752 2955 altario
796 2906 891 2956 has
935 2906 1277 2957 conditiones
1319 2906 1566 2956 manibus
1610 2906 1810 2956 nostris
1845 2905 2019 2956 conti-

179 3010 365 3041 nemus
415 2991 495 3041 vel
527 2993 760 3061 jurando
813 2994 1210 3066 ctmtingimus:
1267 2995 1391 3065 quia
1439 3015 1535 3045 nos
1593 2993 2020 3045 subranominati

177 3087 343 3128 testes
395 3078 623 3129 diximus
675 3091 727 3130 et
774 3081 913 3131 bene
963 3082 1015 3131 in
1059 3083 1283 3133 veritate
1327 3084 1477 3132 novis
1513 3082 1788 3154 cognitum
1830 3092 1929 3137 est.
1969 3090 2017 3130 et

238 3262 281 3316 a)
307 3261 398 3302 Lis.
431 3261 611 3302 facturi.

240 3355 279 3399 1.
321 3347 581 3412 Conferant.

1764 3449 1787 3487 13
