2259 3692
954 260 1244 308 —215—

174 399 445 459 acceptam
485 397 722 458 sportam
773 405 866 437 sue
910 384 1391 456 peregrinationis,
1438 387 1507 435 ob
1560 386 1881 458 religionem
1929 386 2016 457 pie

174 475 495 536 devotioniS,
527 475 674 525 venit
709 475 763 525 in
792 473 1028 524 medium
1064 473 1540 544 congregationis3
1587 474 1792 544 ibique,
1837 493 2016 525 eoram

173 564 318 616 omni
365 563 724 622 fraternitate,
779 583 843 613 ex
877 560 1136 613 canonica
1179 560 1519 621 auctoritate,
1571 561 1840 633 quidquid
1876 562 2017 613 infra

171 654 319 725 ipsos
352 651 614 703 terminos
651 650 962 701 continetur
1005 648 1069 700 de
1111 649 1426 699 monasterii
1468 649 1791 710 hereditate,
1843 661 2016 701 totum

170 740 411 793 reddidit
454 759 574 790 cum
608 739 754 789 omni
797 737 1109 809 integritate
1144 746 1196 787 et
1244 737 1448 807 absque
1483 736 1591 787 ulla
1633 736 2012 798 diminutione,

171 850 269 901 pro
298 829 471 880 anime
499 848 592 879 sue
613 837 665 878 et
698 836 984 897 parentum
1012 845 1231 876 suorum
1261 824 1657 895 redemptione,
1690 835 1849 896 atque
1877 826 2017 878 hanc

173 928 373 969 cartam
406 915 773 986 warpitoriam
813 913 931 965 fieri
963 914 1126 984 jussit
1160 933 1254 964 sua
1287 913 1760 984 preceptione....‚
1795 913 1853 966 Si
1896 913 2016 984 quis

174 1006 340 1078 igitur
365 1004 506 1056 ullus
540 1004 723 1065 homo,
759 1014 904 1055 etc...

172 1284 237 1331 ΝΟ
267 1287 398 1332 147.
441 1281 698 1330 Donation
733 1279 1088 1328 cl’immeuhles
1122 1281 1151 1327 ἐι
1180 1296 1247 1326 un
1288 1279 1589 1328 vivona-steret.
1623 1278 2017 1328 Consentemenl

235 1363 296 1412 sle
325 1363 372 1410 la
400 1363 535 1410 mere
562 1368 608 1411 et
634 1361 700 1410 (Iu
727 1362 868 1427 frere
904 1360 971 1409 du
998 1359 1266 1410 donamur.
1297 1359 1490 1410 Avoue'.
1531 1359 1723 1410 Char-ce
1752 1381 1774 1405 «
1805 1360 1939 1410 leode
1969 1382 2011 1410 ».

243 1443 361 1509 (An.
395 1445 556 1508 1025.)

775 1619 915 1668 Cart.
946 1619 1186 1685 Savigny5
1219 1627 1272 1667 n⁰
1298 1619 1413 1668 641.

240 1800 381 1849 Dum
429 1799 590 1868 hujus
641 1797 828 1849 mundi
883 1796 1044 1848 finem
1102 1797 1369 1867 simulque
1425 1797 1716 1848 terminum
1767 1809 2013 1849 nostrum

170 1886 422 1937 advenire
449 1905 557 1936 non
592 1885 918 1946 dubitamuS‚
949 1905 1171 1936 necesse
1197 1895 1278 1936 est
1304 1884 1598 1956 unicuique
1624 1886 1929 1937 mortalium
1957 1897 2014 1937 ut

172 1973 236 2024 de
276 1974 509 2024 terrenis
552 1993 611 2024 ac
643 1974 973 2024 transitoriis
1009 1974 1292 2044 acquirere
1327 1983 1558 2045 satagat,
1599 1984 1864 2044 quatenus
1897 1976 2012 2025 Deo

172 2063 221 2112 in
251 2072 528 2112 aeternum
556 2062 771 2132 placere
797 2062 986 2133 possit.
1015 2064 1361 2132 Quapropter
1389 2063 1503 2133 Ego
1530 2060 1838 2122 Anselmus,
1871 2063 2011 2133 cogi-

166 2160 284 2200 tans
309 2150 515 2200 animae
543 2170 690 2201 meae
717 2149 1015 2200 remedium
1041 2160 1436 2220 parentumque
1461 2170 1703 2200 meorum
1721 2150 2012 2201 viventium

166 2258 224 2288 ae
260 2247 614 2298 mortuorum,
654 2238 927 2289 saeculum
954 2238 1271 2309 relinquens
1306 2248 1358 2289 et
1383 2239 1499 2288 Deo
1535 2238 1736 2289 servire
1764 2238 2007 2309 cupiens,

167 2325 418 2376 laudante
453 2337 505 2376 et
538 2327 912 2377 consentiente
955 2336 1122 2377 matre
1161 2346 1274 2377 mea
1315 2324 1565 2376 Adalasia
1606 2336 1659 2377 et
1696 2325 1860 2378 fratre
1893 2347 2010 2377 meo

168 2413 470 2475 Gunfredo,
501 2434 598 2484 per
624 2434 838 2465 manum
860 2414 1138 2485 eujusdam
1158 2413 1421 2474 Anselmi‚
1452 2414 1668 2485 cognati
1695 2414 1818 2474 mei,
1851 2425 2010 2485 atque

165 2501 427 2561 advocati,
464 2502 569 2552 tale
614 2502 850 2552 alodium
885 2502 1042 2572 quale
1068 2502 1213 2553 visus
1249 2522 1364 2552 sum
1391 2502 1593 2552 hahere
1627 2512 1680 2552 et
1703 2502 2005 2572 possidere,

166 2600 218 2640 et
259 2589 405 2660 quod
447 2590 577 2640 mihi
618 2590 906 2660 provenire
954 2589 1145 2650 debet,
1193 2610 1313 2639 cum
1358 2589 1526 2640 servis
1572 2600 1624 2640 et
1665 2589 1905 2651 ancillis,
1955 2590 2007 2640 in

167 2678 420 2728 comitatu
455 2677 781 2738 Vualdense,
830 2688 882 2728 et
923 2678 976 2728 in
1019 2678 1273 2728 comitatu
1314 2676 1830 2749 Augustudunense,
1870 2678 2004 2728 etin

166 2766 420 2817 comitatu
456 2766 704 2826 Valcnse,
742 2777 794 2817 et
835 2766 888 2816 in
917 2766 1171 2817 comitatu
1197 2768 1487 2826 VuaraSCO,
1522 2767 1722 2818 Sancto
1750 2766 2004 2825 Maltino,

166 2854 231 2904 ad
274 2855 657 2905 monasterium
702 2854 847 2925 quod
890 2865 971 2904 est
1009 2854 1062 2904 in
1105 2854 1223 2906 loeo
1269 2854 1572 2906 Saviniensi
1614 2840 2003 2915 constructum,

167 2942 328 3002 dono,
361 2942 482 3013 lego
518 2953 677 3013 atque
714 2942 1055 3002 transfundO,
1087 2953 1144 2993 ut
1171 2943 1335 2993 abbas
1362 2942 1505 2993 illius
1533 2942 1656 3003 loci,
1689 2962 1808 2993 cum
1835 2942 2007 2993 fratri-

166 3030 265 3080 bus
317 3028 402 3079 die
448 3041 721 3100 noctuque
771 3032 886 3081 Deo
933 3030 1313 3091 servientibus,
1366 3031 1580 3090 habeat,
1626 3040 1807 3081 teneat
1848 3040 2007 3101 atque

167 3117 460 3187 possideat,
509 3118 728 3188 suisque
769 3118 1002 3188 posteris
1045 3118 1110 3168 ad
1151 3118 1540 3189 possidendum
1587 3118 1858 3189 relinquat
1892 3119 2007 3169 sinc

167 3204 276 3254 ullo
297 3205 722 3255 contradicente.
751 3205 807 3257 Si
829 3206 948 3276 quis
973 3216 1149 3256 autem
1177 3205 1471 3256 haeredum
1496 3216 1585 3256 aut
1610 3206 2003 3276 prohaeredum

166 3311 404 3342 meorum
447 3303 528 3343 est
571 3292 663 3363 qui
700 3293 838 3343 hanc
881 3292 1227 3343 donationem
1272 3293 1569 3365 infringere
1602 3293 1851 3353 voluerit,
1899 3312 2004 3343 non

165 3379 336 3429 valeat
376 3380 682 3430 evindicare
725 3380 871 3450 quod
913 3381 1078 3450 cupiti,
1127 3380 1221 3430 sed
1263 3381 1484 3451 insuper
1526 3382 1594 3431 sit
1635 3380 1920 3451 culpabilis
1955 3391 2006 3430 et

166 3465 486 3538 impleturus
521 3488 762 3519 camerae
796 3468 938 3540 regis
968 3468 1077 3518 auri
1107 3468 1381 3540 purissimi
1410 3469 1594 3520 uncias
1621 3468 1860 3540 triginta.
1903 3469 2005 3520 Pcr
