2259 3692
966 230 1260 281 —146—

186 352 452 424 Ayrardo,
476 353 742 415 GerardO,
773 354 1140 418 Rodstannus,
1171 356 1430 419 ErlulsUS,
1458 358 1692 420 Subozo,
1718 359 1846 409 item
1867 359 2034 411 Rods-

185 451 382 491 tannus
403 483 413 502 ‚
484 440 829 504 Eldemarus,
897 444 1223 507 Matsredus,
1291 445 1637 508 Desiderius,
1704 446 2030 509 Autbertus,

185 529 589 591 Racnestanus,
652 530 982 593 CristianUS,
1044 533 1389 605 Magnoinus,
1447 534 1738 596 Fredlano,
1803 536 2030 597 Sicrius,

185 618 422 686 Upertus
443 659 453 678 ,
506 617 635 668 item
686 621 951 690 Upertus,
1005 622 1373 692 Geyroardus,
1424 622 1702 684 Giroldus,
1754 624 2030 685 Raculfus,

184 705 372 765 Dodo,
425 705 666 767 Vualdo,
721 707 1076 770 Rodoardus,
1134 704 1399 782 Agateus'⁷
1461 713 1798 762 Bertrannus
1851 712 2033 763 adma-

182 793 425 854 nuensis,
462 794 545 844 vel
573 794 691 846 aliis
719 796 1067 867 quamplures
1100 799 1350 868 personis
1378 810 1429 849 ct
1457 800 1614 850 bonis
1641 800 1914 851 ominibus
1942 801 2035 871 qui

184 900 303 931 culn
324 901 416 932 eos
437 882 640 933 ibidem
668 883 912 946 aderant,
944 906 1043 956 pro
1071 886 1364 938 multorum
1393 888 1633 938 ominum
1658 888 2034 940 altercacionis
2068 934 2074 938 .

184 969 358 1020 causis
400 970 723 1033 audiendas,
769 983 822 1023 et
855 974 1098 1045 negociis
1133 994 1414 1027 causarum
1449 976 1812 1038 dirimendas,
1858 977 2034 1048 adque

182 1057 365 1119 rectis,
407 1059 569 1128 justis
605 1059 826 1130 judiciis
871 1062 1231 1114 terminandis
1270 1064 1352 1115 vel
1400 1064 1693 1129 finicndis3
1744 1065 1929 1136 ibique
1978 1066 2032 1115 in

183 1165 369 1196 eorum
402 1148 706 1217 presencia,
746 1149 861 1219 ipse
890 1150 1147 1201 Salomon
1181 1164 1503 1223 preparatus
1537 1153 1636 1204 suit
1662 1174 1767 1204 una
1794 1174 1912 1204 cum
1941 1174 2033 1204 sua

180 1233 516 1285 testiinonia¹
544 1235 611 1285 ad
634 1236 812 1306 ipsum
838 1250 1233 1290 sacramentum
1261 1241 1624 1310 peribendum
1643 1242 1725 1292 vel
1753 1242 1868 1312 ipsa
1889 1253 2033 1293 carta

181 1322 566 1384 advcrandum,
615 1343 708 1375 seu
743 1335 794 1375 et
836 1325 903 1376 ad
952 1327 1150 1378 batalia
1192 1328 1329 1379 sicut
1373 1349 1436 1400 ey
1486 1330 1755 1380 concessit
1804 1330 2033 1380 domnus

182 1410 451 1461 Lottarius
493 1409 631 1473 rex2,
671 1422 723 1462 et
764 1413 880 1484 ipsa
914 1415 1210 1467 Benedicta
1253 1416 1319 1467 ad
1361 1437 1588 1488 presens
1624 1418 1792 1480 stetit,
1833 1429 1885 1468 et
1919 1419 2033 1489 ipsa

181 1508 344 1559 carta,
385 1499 532 1569 quod
564 1500 619 1550 in
653 1521 814 1552 manu
862 1502 1168 1554 Salomonis
1210 1507 1577 1576 transpunxit,
1628 1507 1770 1557 bona
1815 1517 1867 1557 et
1909 1527 2034 1557 vera

180 1585 315 1636 dixit
348 1606 518 1658 aeque
561 1590 921 1652 concredidit,
968 1602 1020 1642 et
1052 1612 1150 1663 per
1194 1613 1347 1644 suum
1385 1594 1639 1645 vuadiuin
1682 1596 1827 1666 ipsas
1860 1615 1947 1646 res
1982 1605 2035 1645 et

180 1675 448 1746 mancipia
473 1675 644 1747 ipsius
675 1678 982 1730 Salomonis
1008 1680 1211 1731 redidit
1232 1682 1465 1752 qualiter
1492 1683 1578 1734 lex
1597 1694 1748 1734 estet
1775 1704 1873 1755 per
1895 1681 1912 1712 h
1921 1726 2027 1734 .....

184 1763 496 1834 repromisit
534 1765 680 1836 quod
718 1786 880 1837 super
917 1768 1062 1838 ipsas
1096 1789 1182 1820 res
1209 1771 1387 1822 veniat
1415 1782 1467 1822 et
1499 1771 1741 1844 legitima
1773 1773 2032 1823 vestitura

184 1850 373 1915 faciat3
405 1852 488 1902 sin
514 1863 710 1915 autem,
743 1854 902 1906 saciat
929 1857 1076 1927 quod
1102 1857 1187 1909 lex
1214 1869 1312 1910 est.
1340 1861 1455 1932 Ego
1478 1859 1778 1912 Adamarus
1806 1881 2032 1932 presens

182 1938 299 1990 fuit.
338 1940 478 1991 Aldo
512 1961 739 2012 presens
782 1943 898 1994 fuit.
942 1945 1055 2017 Sig.
1095 1947 1426 1999 Vualcaudo.
1465 1948 1760 2002 Vuitardus
1805 1969 2032 2020 presens

180 2026 297 2078 suit.
333 2028 447 2100 Sig.
481 2029 788 2081 Gilaranus.
822 2033 937 2104 Ego
965 2034 1283 2107 Raudingus
1311 2037 1629 2108 subscripsi.
1664 2038 1779 2109 Ego
1807 2038 2032 2088 Bercius

177 2134 404 2186 presens
456 2115 575 2168 fuit.
645 2120 760 2191 Ego
816 2119 934 2171 Ado
992 2142 1219 2191 presens
1275 2124 1369 2174 fui.
1423 2125 1768 2178 Vuidinarus.
1829 2126 2026 2179 Vuido.

183 2206 430 2255 Samson.
467 2206 522 2256 S.
546 2205 851 2258 Godmarus
877 2215 1104 2278 presens
1132 2210 1208 2261 fui
1236 2222 1288 2262 et
1316 2213 1635 2284 subscripsi.
1670 2216 2025 2275 Bertrannus,

180 2291 587 2355 admunuensis,
632 2294 719 2345 fici
755 2296 910 2365 jussi.
957 2299 1119 2349 Facta
1159 2300 1361 2351 noticia
1395 2300 1480 2351 die
1516 2301 1720 2361 martiS,
1759 2301 1813 2351 in
1846 2322 2031 2353 mense

180 2380 369 2450 apreli,
411 2401 551 2432 anno
585 2382 761 2453 primo
797 2403 858 2434 co
886 2386 1157 2437 Lottarius
1192 2407 1287 2439 rex
1313 2389 1464 2440 obiit.

251 2470 367 2536 (Aa
400 2470 562 2538 closg)
597 2471 808 2523 Noticia
843 2473 1148 2526 Salomonis
1182 2476 1488 2529 Vienensis.

243 2891 288 2952 b)
314 2898 353 2938 Α
394 2895 622 2956 ειι])[)ῖόει·,
658 2912 745 2939 non
769 2911 861 2956 pas
886 2899 1007 2949 (aree
1033 2897 1202 2953 Bruel),
1232 2905 1393 2954 pectus
1421 2912 1479 2939 οιι
1507 2897 1744 2952 cespitem,
1775 2913 1819 2938 ce
1843 2899 1925 2955 qui
1952 2899 2026 2940 n’a

183 2977 334 3004 aucun
361 2978 479 3012 sens,
511 2963 631 3004 mais
659 2962 1145 3020 vraisemblahlement,
1178 2964 1520 3019 fidejussorem.
1551 2965 1650 3020 Voy.
1689 2962 1873 3022 l’espece
1907 2979 2025 3006 (cna-

182 3027 328 3085 logne,
363 3031 485 3070 Cart.
509 3028 665 3086 Gany,
689 3039 739 3069 n⁰
758 3032 796 3086 8,
825 3045 869 3082 p.
896 3033 934 3072 7.
963 3032 1067 3081 (An.
1101 3030 1220 3088 814.)

241 3126 282 3165 1.
323 3126 401 3165 Ces
432 3140 447 3162 (ι
481 3125 671 3166 te'moins
701 3141 719 3165 »
749 3140 814 3166 me
839 3125 1109 3183 patuissent
1134 3127 1220 3167 e'tre
1255 3140 1341 3168 non
1365 3140 1455 3184 pas
1483 3125 1562 3167 des
1588 3127 1871 3182 signataires
1898 3126 1952 3168 cle
1980 3126 2027 3168 Ια

181 3189 336 3231 charte
371 3192 585 3248 attaqne'e
626 3194 932 3246 (fit-memores),
972 3192 1091 3233 mais
1129 3191 1209 3234 (les
1243 3194 1477 3249 cojureurs
1521 3193 1602 3250 qni
1642 3196 1960 3248 confirmeronl
1989 3192 2027 3234 le

181 3262 376 3297 serment
403 3255 456 3297 de
484 3260 527 3297 S.

241 3323 282 3362 2.
317 3323 364 3363 Je
386 3337 438 3362 ne
465 3322 656 3364 connais
677 3337 769 3381 pas
789 3322 967 3365 cl'autm
990 3323 1190 3383 example
1211 3323 1264 3366 cle
1288 3341 1333 3366 ce
1353 3325 1544 3366 curiezcx
1560 3323 1790 3382 privilege,
1811 3323 1873 3365 dcl
1887 3330 2025 3382 peut-

181 3387 268 3428 ἔινε
294 3387 322 3429 ὰ
368 3403 413 3429 ce
455 3403 539 3446 que
580 3393 627 3429 S.
670 3388 819 3445 s'offi·e
847 3390 874 3431 ἁ
917 3389 964 3432 la
993 3389 1186 3432 bacaille
1224 3405 1345 3449 pom·
1385 3392 1603 3439 sontenir,
1653 3405 1740 3432 non
1775 3405 1830 3432 sa
1869 3404 2020 3443 cause,

184 3453 304 3494 mais
331 3452 438 3494 celle
466 3453 520 3495 de
546 3469 599 3495 sa
625 3456 800 3509 femme.
