2259 3692
971 178 1266 228 —116—

191 298 413 356 Haldric
440 314 493 354 et
519 303 764 356 Tribodu
798 304 1098 376 preposito,
1136 303 1484 375 presentibus
1519 301 1757 354 scabinis
1785 302 1879 374 qui
1898 303 2038 374 judi·

190 403 448 444 caverunt
475 403 527 443 et
560 385 1008 454 testificaverunt,
1045 392 1103 442 hi
1138 402 1296 443 sunt:
1343 393 1591 453 Houuen,
1631 391 2034 454 Maenuuallon,

190 483 421 543 Branoc,
460 481 738 543 Iarnuual‚
788 483 964 553 Bmg,
1025 480 1303 531 Riduuant
1345 481 1662 551 presbyter,
1713 479 2034 541 Catlouucn,

187 570 523 632 Uuohoiarn⁷
555 569 790 632 Notolic,
815 569 1034 630 Uuatin,
1067 568 1384 631 AXntrauual,
1409 569 1748 631 Uuorhocar,
1780 567 2034 629 Arthlnu,

190 659 588 709 Tanetuuoion.

190 935 255 984 Νο
281 940 375 987 86.
422 934 723 1001 Obliqalion
747 933 808 982 <Ie
826 933 1035 999 fournir
1061 939 1107 981 et
1127 931 1371 980 condizire
1390 931 1478 980 cles
1498 930 1717 979 convois.
1749 931 2036 997 Emprunts

244 1016 453 1084 parfois
480 1017 780 1077 cotilracle3‚
812 1033 952 1080 pour
990 1033 1024 1081 y
1050 1013 1333 1079 satisfaire.
1365 1013 1506 1060 Pour
1546 1030 1599 1060 se
1639 1011 1845 1074 liberer,
1882 1030 2038 1079 enya-

253 1104 458 1164 qement
483 1097 544 1145 (Ie
569 1097 789 1145 service-s
815 1114 879 1144 au
900 1098 1132 1161 preleur.
1168 1095 1283 1159 (IXe
1308 1094 1497 1159 siecle.)

595 1280 843 1340 Guerard,
875 1279 1081 1345 Polypt.
1113 1280 1253 1338 Irni„
1284 1296 1334 1343 p.
1364 1281 1475 1338 800,
1506 1286 1560 1325 n⁰
1584 1281 1632 1326 6.

263 1465 467 1515 Enteca
514 1463 570 1513 id
619 1473 700 1513 est
757 1462 1030 1534 quoddam
1078 1462 1314 1533 pretium
1371 1461 1787 1513 commodatum.
1846 1461 2038 1513 Solent

189 1552 331 1602 enim
380 1552 617 1603 minores
673 1550 976 1613 homines¹,
1039 1551 1131 1622 qui
1181 1550 1455 1623 angariam
1504 1550 1727 1612 faciunt,
1780 1570 2037 1621 praecare

189 1643 464 1711 majorem,
525 1651 583 1691 ut
637 1651 817 1691 tantos
868 1650 920 1690 et
959 1650 1139 1690 tantos
1198 1639 1400 1689 solidos
1451 1639 1558 1689 illis
1608 1644 1770 1700 stet‘1,
1831 1628 1930 1709 pro
1980 1649 2037 1689 ut

189 1749 431 1791 necesse,
464 1729 519 1779 id
553 1739 652 1790 est,
691 1729 746 1779 in
770 1728 854 1779 via
889 1728 1021 1778 etin
1057 1725 1267 1789 acorab,
1308 1738 1365 1778 ut
1401 1738 1636 1789 centum,
1676 1737 1766 1778 aut
1808 1727 2036 1797 amplius

189 1828 278 1868 aut
305 1818 500 1879 minus,
527 1817 729 1868 solidos
759 1817 1001 1868 dividere
1022 1817 1321 1887 aequaliter
1342 1817 1484 1867 inter
1504 1816 1760 1866 minores.
1785 1817 1825 1865 E
1850 1825 2037 1865 contra

186 1926 313 1956 vero
341 1906 517 1956 minor
537 1926 725 1956 manus
744 1904 760 1929 ’Ξ
789 1905 951 1956 debet
971 1906 1347 1976 unusquisque
1374 1925 1471 1976 per
1500 1925 1554 1955 se
1577 1904 1816 1955 scribere
1838 1913 2036 1953 cartam

189 2005 419 2065 quantos
449 1994 652 2045 solidos
679 1994 997 2065 recepisset,
1023 2005 1076 2045 et
1104 1994 1507 2065 subscriptione
1536 1980 1748 2043 firmare
1778 2012 1832 2043 se
1860 1991 2035 2042 reddi-

186 2093 402 2133 turum:
443 2083 526 2133 sin
562 2093 758 2144 autem,
806 2093 895 2133 aut
943 2083 1059 2153 ipse
1095 2093 1184 2133 aut
1219 2103 1352 2133 uxor
1387 2084 1502 2152 ejus
1546 2092 1635 2132 aut
1675 2081 1853 2131 infans
1897 2082 2032 2150 ejus,

188 2172 231 2221 si
280 2170 418 2222 forte
468 2172 533 2222 ab
569 2172 645 2222 eis
681 2191 790 2221 non
839 2170 1088 2221 redditur
1137 2171 1392 2242 pretium,
1432 2180 1684 2221 maneant
1725 2170 1781 2220 in
1815 2168 2035 2219 servitio

188 2259 527 2310 feneratoris.
584 2261 651 2310 Et
699 2260 803 2309 hoc
852 2279 986 2330 opus
1030 2259 1177 2330 quod
1225 2259 1401 2309 minor
1450 2279 1638 2309 manus
1681 2257 1827 2318 facit,
1866 2256 1922 2307 id
1956 2266 2037 2306 est

188 2358 332 2398 carta
376 2368 534 2418 quam
584 2347 857 2398 fenerator
899 2348 1099 2398 retinet
1140 2368 1240 2418 pro
1281 2347 1611 2408 testimonia,
1651 2345 2036 2418 cirographum

187 2435 385 2486 dicitur
410 2458 420 2499 3
453 2447 505 2486 et
533 2435 680 2507 quod
705 2438 874 2506 major
909 2456 1097 2486 manus
1127 2436 1272 2497 sacit,
1304 2435 1360 2486 id
1393 2446 1492 2497 est,
1524 2435 1760 2506 pretium
1780 2433 1796 2457 ‘³'
1818 2433 2031 2493 tribuit,

186 2534 377 2575 enteca
408 2535 648 2575 vocatur.
1072 2526 1077 2533 ²

245 2835 284 2887 a)
305 2834 352 2873 Je
381 2831 439 2874 lis
464 2833 555 2874 det.
591 2857 646 2865 —
680 2832 726 2887 b)
754 2833 848 2874 Lis.
890 2833 974 2874 hac
1013 2833 1126 2873 hora
1155 2847 1205 2873 en
1232 2837 1359 2874 route
1393 2838 1434 2872 et
1470 2846 1551 2873 sur
1576 2829 1742 2872 l’leeure
1768 2829 2033 2887 (imme'dia-

186 2898 384 2955 temerat).

243 3004 281 3043 1.
325 3003 377 3042 Ce
403 3008 507 3043 sont
533 3001 612 3043 des
651 3002 850 3044 hommes
879 3001 1018 3044 libres
1045 3017 1093 3043 en
1123 3001 1262 3059 droit,
1294 3001 1415 3043 nectis
1441 3017 1491 3043 en
1516 3001 1609 3057 fait
1641 2999 1763 3042 dans
1801 3015 1884 3042 une
1926 3015 2032 3042 con-

184 3067 333 3109 dition
360 3067 412 3110 de
441 3067 734 3126 dependance
762 3069 1070 3127 e'conomiqzce.
1095 3067 1161 3109 Ils
1189 3067 1396 3110 dewac’ent
1415 3083 1486 3110 ces
1513 3068 1686 3109 corwe'es
1713 3068 1741 3108 ἁ
1767 3067 1927 3109 raison
1955 3065 2035 3107 des

182 3148 363 3175 manses
390 3133 527 3191 qzi’ils
556 3134 869 3193 posse'dczient.
905 3135 1261 3177 Primitirement
1292 3135 1455 3178 service
1486 3133 1663 3194 public,
1710 3149 1781 3175 ces
1814 3132 2032 3189 angariae

183 3206 287 3241 sont
312 3199 374 3241 ici
399 3201 573 3241 corve'es
601 3200 713 3242 dues
741 3202 768 3242 ἁ
797 3200 1026 3258 l’abbaye.

242 3268 283 3306 2.
324 3265 437 3307 C'est
463 3265 509 3308 la
535 3267 918 3309 reconnaissance
945 3266 999 3308 de
1022 3282 1076 3310 sa
1104 3267 1237 3318 dette,
1270 3268 1404 3310 e'crite
1418 3282 1511 3327 par
1533 3266 1711 3309 chacun
1740 3264 1892 3315 d'eux,
1924 3262 2031 3306 d'oii

187 3331 224 3373 le
249 3346 352 3373 nom
380 3331 435 3374 de
459 3333 805 3391 cirographum,
828 3333 941 3392 plus
970 3333 1072 3376 has.

246 3400 286 3440 3.
322 3398 403 3456 sci,
435 3406 596 3455 argent
615 3401 743 3458 ρνέίέ
768 3407 809 3442 et
834 3415 922 3442 non
946 3401 1075 3459 prix.
