2259 3692
1005 249 1298 297 —201-

225 373 437 425 vivente
482 373 668 445 saliga,
707 384 927 445 rogatus
971 374 1314 445 subscripsit.
1357 375 1684 437 Gcrolimus,
1718 377 1886 446 judex
1928 378 2067 428 sacri

226 461 432 531 palatii,
465 461 783 532 subscripsi.
825 464 1037 522 Petrus,
1063 461 1231 532 judex
1272 463 1408 513 sacri
1447 463 1651 533 palatii,
1684 475 1904 535 rogatus
1939 466 2066 516 sub-

227 549 440 619 scripsi.
476 549 818 601 Gisalbertus
845 560 1066 621 rogatus
1094 550 1413 620 subscripsi.
1453 552 1790 613 Dominicus,
1823 554 2066 604 notarius

226 637 363 687 sacri
412 636 616 708 palatii,
662 647 882 709 rogatus
930 638 1248 708 subscripsi.
1299 639 1635 690 Gausbertus
1676 651 1895 711 rogatus
1945 642 2065 692 sub-

225 724 438 796 scripsi.
470 725 814 786 VualsredUS,
854 725 995 776 filius
1030 726 1310 786 Johannis,
1342 737 1563 798 rogatus
1592 728 1908 799 subscripsi.
1951 731 2065 801 Ego

227 812 590 883 LiupranduS,
638 813 880 864 notarius
924 813 1063 864 sacri
1118 813 1323 884 palatii,
1371 815 1605 886 scriptor
1647 816 1807 886 hujus
1861 817 2065 869 cartule

227 901 555 963 donationis,
587 911 711 972 post
743 901 944 952 tradita
971 901 1236 972 complevi
1270 912 1322 953 et
1350 901 1494 953 decli.

225 1090 290 1136 N⁰
319 1094 450 1140 137.
490 1089 671 1138 Nolice
711 1088 772 1138 cle
812 1089 1170 1140 delaissemenl
1206 1109 1268 1139 en
1297 1092 1511 1157 Ι[αείίερ.
1559 1093 1677 1141 Lois
1710 1095 2065 1160 personnelles

861 1169 1105 1220 diverses,
1139 1171 1257 1236 (An.
1286 1173 1421 1237 967.)

597 1288 791 1337 Cartul.
822 1290 871 1337 S.
902 1290 1082 1338 Victor
1108 1290 1169 1338 de
1197 1290 1468 1351 Marseille,
1500 1300 1553 1339 11Ο
1579 1294 1691 1340 290.

296 1415 508 1467 Noticia
547 1415 904 1486 guirpicionis
936 1416 1019 1467 vel
1062 1415 1422 1479 diffinitionis,
1469 1418 1522 1469 in
1568 1418 1784 1471 Arelate
1827 1421 2060 1482 civitate,

221 1503 459 1575 publice,
491 1514 613 1554 ante
641 1503 839 1554 domno
859 1504 1170 1566 XVilemmo,
1203 1505 1588 1558 inlustrissimo
1617 1509 1831 1570 comite,
1864 1519 1916 1560 et
1942 1520 2065 1560 ante

220 1611 401 1642 vassos
430 1591 749 1653 dominicos,
780 1602 888 1642 tam
915 1612 1165 1643 romanos
1194 1614 1353 1664 quam
1380 1594 1592 1656 salicos,
1624 1616 1728 1646 una
1757 1617 1876 1647 cum
1902 1597 2066 1668 pluri-

222 1700 426 1730 marum
453 1698 807 1750 personarum
835 1680 1062 1731 diversis
1089 1681 1301 1753 legibus
1327 1682 1650 1735 viventibus.
1684 1686 1823 1736 Sunt
1848 1686 2066 1738 nomina

221 1788 404 1819 earum
430 1768 485 1819 id
511 1778 591 1819 est
615 1790 624 1819 z
665 1769 1028 1841 Berengarius
1061 1769 1250 1831 Judex,
1282 1771 1517 1823 Poncius
1544 1774 1713 1843 major
1747 1775 1842 1843 (33
1871 1776 2060 1844 nones).

222 1856 411 1927 Ibique
432 1856 652 1907 veniens
674 1859 1000 1923 Honoratus,
1024 1858 1196 1929 gratia
1216 1859 1355 1925 [Dei]
1377 1860 1731 1912 Massiliensis
1751 1862 2060 1934 episcopus,

222 1954 344 1995 ante
395 1944 650 1996 domnum
692 1945 1027 2000 VVillelmum
1076 1947 1346 2008 comitem,
1401 1968 1495 1999 seu
1543 1949 1712 2000 eciam
1760 1961 2065 2002 ceterorum

220 2032 517 2093 hominum,
555 2052 785 2104 quorum
819 2034 1036 2085 nomina
1057 2037 1167 2105 jam
1200 2055 1363 2106 supra
1389 2037 1590 2108 scripta
1617 2048 1760 2099 sunt,
1800 2039 2064 2111 interpel-

221 2120 347 2170 lavit
380 2120 590 2191 aliquos
617 2121 883 2183 homines,
922 2123 1006 2173 his
1041 2123 1372 2186 nominibus,
1412 2126 1766 2177 Garibaldum
1799 2137 1851 2178 et
1884 2127 2064 2179 Auvo-

221 2208 492 2268 nancium,
537 2209 619 2259 vel
675 2210 905 2262 heredes
961 2210 1197 2273 illorum,
1259 2212 1324 2263 de
1379 2224 1523 2265 terra
1580 2215 1751 2266 sancti
1803 2216 2059 2278 Victoris,

220 2296 468 2368 martyris
495 2297 871 2359 Massiliensis,
904 2319 1007 2370 que
1035 2310 1115 2350 est
1141 2300 1195 2350 in
1217 2301 1471 2352 comitatu
1499 2302 1772 2374 Aquense,
1805 2304 1858 2355 in
1884 2306 2063 2357 termi-

221 2384 310 2435 nio
360 2384 426 2435 de
474 2385 598 2436 villa
649 2386 905 2447 Stavello,
959 2387 1014 2438 id
1062 2388 1117 2438 in
1163 2389 1354 2450 vineis,
1405 2392 1627 2462 campis,
1681 2393 1828 2463 quod
1875 2405 2062 2446 contra

220 2471 395 2543 legem
430 2483 483 2523 et
516 2473 711 2524 malum
747 2474 993 2525 ordinem
1028 2475 1358 2538 invaserunt,
1396 2488 1691 2530 tenuerunt
1717 2500 1776 2531 ac
1809 2482 2062 2551 possede-

222 2571 363 2611 runt.
408 2562 473 2610 Et
512 2561 612 2632 ipsi
658 2562 931 2623 homineS,
975 2564 1300 2615 Garibaldus
1332 2565 1584 2618 videlicet
1618 2578 1669 2618 et
1696 2568 2058 2632 Avonanc-ius‚

219 2648 300 2698 vel
334 2648 562 2699 heredes
591 2649 806 2700 illorum
833 2650 886 2700 in
914 2653 1196 2722 presencia
1225 2654 1456 2715 stabant,
1489 2665 1541 2705 ct
1568 2655 1621 2705 in
1649 2657 1758 2707 suis
1785 2659 2062 2728 responsis

220 2736 506 2787 dicebant:
559 2760 583 2786 «
614 2739 694 2788 De
734 2738 833 2789 ista
871 2739 1308 2810 interpellatione
1338 2742 1480 2793 unde
1515 2746 1821 2795 Honoratus
1850 2747 2061 2816 cpisco-

219 2845 318 2895 pus
346 2844 442 2876 nos
482 2825 874 2897 interpellavit,
915 2827 1137 2898 deipsis
1171 2829 1340 2880 vineis
1368 2841 1419 2881 et
1454 2831 1519 2882 de
1555 2832 1685 2902 ipsis
1721 2833 1922 2904 campis
1952 2836 2060 2904 jani

219 2933 379 2983 supra
437 2913 672 2984 scriptis,
734 2915 924 2966 melius
982 2916 1183 2967 debent
1238 2928 1449 2969 nostras
1499 2940 1642 2981 esse,
1705 2941 1769 2972 cx
1816 2923 2060 2992 projenie

219 3011 567 3071 parentorum
630 3013 973 3064 nostrorum,
1043 3025 1200 3075 quain
1264 3006 1507 3078 episcopi
1570 3019 1795 3080 propter
1859 3010 2058 3061 nullam

219 3107 430 3139 causam
465 3090 851 3142 sa-nctuariam¹
897 3092 1189 3144 succedere
1223 3116 1270 3144 ».
1311 3097 1461 3146 Tunc
1503 3116 1682 3147 comes
1724 3097 1965 3168 prefatus
2008 3109 2061 3149 ct

213 3175 380 3244 judex
430 3178 792 3248 Bcrengarius
835 3179 1214 3249 judicaverunt
1262 3192 1319 3233 ut
1371 3183 1659 3255 episcopus
1708 3186 2061 3256 perportare‘2

277 3337 314 3376 1.
355 3336 411 3375 ll.
432 3334 620 3393 inv-oque
644 3334 681 3377 le
701 3335 823 3378 droit
843 3335 897 3378 (le
908 3337 1141 3395 proprie'te'
1167 3337 1220 3380 de
1243 3339 1560 3382 &aine-Victor
1579 3341 1734 3395 (causa
1760 3342 2055 3395 sanctuaria),

220 3399 282 3441 les
308 3399 593 3455 de'sendems,
625 3400 723 3443 leur
745 3401 965 3460 pretendit
995 3401 1120 3444 droit
1145 3403 1394 3446 d'ledre'dice'
1419 3408 1571 3458 (causa
1600 3406 1785 3461 alodis).

280 3470 316 3506 2.
344 3468 484 3507 Fame
504 3465 557 3507 de
574 3482 734 3525 preme
755 3467 934 3522 directe,
961 3467 998 3509 le
1018 3476 1157 3511 coltile
1177 3477 1216 3510 et
1237 3469 1392 3527 lejuge
1413 3471 1623 3515 (le'cc'dcnc
1649 3487 1733 3530 que
1753 3475 1809 3514 H.
1830 3475 1928 3527 sera
1947 3488 2055 3516 sou—
