2259 3692
903 223 966 231 -
1009 193 1096 244 103
1135 223 1195 231 --

135 322 306 382 fuero,
345 332 396 372 et
430 341 456 372 a
489 331 672 372 saneto
701 320 999 371 Benedieto
1025 339 1107 369 me
1142 319 1373 389 sepelire
1408 319 1647 371 faciatis:
1686 333 1739 372 et
1781 323 1825 372 si
1849 322 1971 372 talis

134 420 346 480 tempus
389 419 469 459 est
509 419 566 459 ut
613 428 712 478 pro
754 406 1198 478 impedimentum
1231 426 1348 457 esse
1396 427 1503 457 non
1551 409 1742 478 possit,
1793 420 1970 460 tamen

135 496 351 567 quando
386 507 751 567 opportunum
777 506 989 565 tempus
1010 494 1270 555 evenerit,
1296 514 1411 545 mea
1437 515 1557 546 ossa
1583 496 1658 546 ibi
1686 496 1972 567 deportare

135 584 360 644 faciatis,
390 595 443 635 et
469 584 561 654 qui
595 602 765 634 meam
801 582 997 632 fossam
1033 581 1288 642 sederint,
1330 581 1605 633 dimidiam
1640 583 1832 634 libram
1868 584 1972 634 illis

136 671 350 723 donate.
382 671 426 722 A
460 682 644 722 sancto
679 670 912 721 Martino
939 690 967 720 3
1001 669 1234 720 Turonis
1261 669 1426 720 libras
1454 680 1584 731 tres,
1617 681 1669 721 et
1697 671 1762 721 de
1791 683 1972 723 nostra

136 760 354 830 Capella
381 759 523 810 dono
553 757 790 810 Riehildi
823 777 1037 808 erucem
1072 777 1305 819 auream,
1346 778 1465 808 cum
1499 758 1705 830 lignum
1731 759 1968 820 Domini,

136 868 241 898 11110
275 847 463 898 altario
490 846 689 896 maiore
722 855 928 916 parato,
960 865 1065 896 una
1102 846 1263 896 buxta
1306 845 1552 907 iburnea,
1591 866 1725 917 quae
1759 866 1867 897 non
1894 858 1974 898 est.

135 935 361 1004 sculpta,
393 954 500 985 uno
543 933 708 984 calice
750 944 1008 1005 argenteo
1056 933 1283 994 minore,
1330 953 1436 984 uno
1477 934 1620 1004 palio
1656 934 1968 996 defundato,

134 1042 240 1072 uno
268 1022 494 1092 drapno,
529 1041 647 1072 eum
676 1021 856 1082 sirico,
887 1041 995 1072 uno
1024 1021 1211 1082 linteO,
1245 1021 1450 1072 casulas
1479 1022 1630 1083 duas,
1661 1042 1767 1096 una
1792 1042 1969 1093 persa,

134 1110 235 1160 alia
267 1109 456 1170 virida,
503 1109 650 1160 albas
685 1109 834 1170 (11135,
875 1109 1183 1160 subeinetas
1226 1109 1376 1170 duas,
1424 1110 1586 1161 stolas
1622 1110 1772 1172 duas,
1810 1111 1972 1162 mani-

134 1198 287 1269 pulas
360 1198 520 1259 duas,
584 1198 893 1268 corporales
951 1198 1112 1259 duas,
1173 1198 1487 1269 ampullam,
1565 1219 1683 1249 eum
1746 1209 1974 1270 patenea

137 1297 410 1358 argentea,
442 1306 549 1337 uno
592 1286 788 1337 sanono
820 1286 998 1345 viridi,
1038 1306 1157 1337 011111
1194 1286 1417 1347 brusdo,
1464 1306 1571 1337 uno
1599 1287 1828 1359 degliso,
1866 1307 1974 1338 uno

135 1386 346 1435 estuno,
402 1394 520 1425 eum
570 1374 730 1424 sirico
774 1374 1127 1436 ammistrare,
1180 1375 1478 1426 turibulum
1527 1375 1754 1436 minore,
1801 1376 1970 1436 501113,

135 1463 482 1514 eandellabro
533 1482 694 1513 aureo
737 1482 863 1523 uno,
918 1463 1138 1514 Missale
1186 1463 1451 1533 plenario,
1499 1483 1618 1514 eum
1669 1464 1975 1535 Evangeliis

135 1562 186 1601 et
244 1550 531 1620 Epistolis,
592 1570 756 1600 unum
812 1561 1017 1601 textum
1075 1551 1364 1611 minorem,
1424 1571 1589 1601 unum
1654 1551 1975 1622 dispositum

134 1659 295 1709 super
339 1638 689 1710 Evangelium
732 1638 1006 1699 maiorem,
1045 1638 1488 1708 Antiphonarias,
1534 1639 1804 1690 volumina
1847 1639 1971 1701 duo,

134 1726 347 1777 batrino
390 1726 456 1777 ad
498 1726 799 1787 luminaria,
848 1726 1016 1797 drapo
1057 1726 1297 1797 plumato
1334 1746 1361 1776 a
1403 1726 1590 1787 forma,
1628 1717 1971 1798 uno'tapeto,

135 1834 242 1865 uno
292 1813 526 1875 eedello,
572 1814 637 1865 ad
680 1834 817 1885 aqua
864 1813 1153 1865 benedicto
1197 1814 1332 1864 duo.
1395 1816 1606 1865 Donate
1649 1815 1741 1865 illo
1797 1815 1975 1866 balteo

136 1903 355 1963 maiore,
410 1903 533 1973 quia
584 1903 649 1953 de
699 1903 807 1953 suis
857 1903 1082 1975 gemmis
1137 1903 1362 1953 maxime
1412 1913 1493 1953 est
1534 1902 1724 1964 sactus,
1777 1914 1829 1954 et
1883 1904 1976 1954 illo

136 1991 314 2063 sigillo
357 1991 422 2041 de
465 1991 712 2052 amatixo,
750 1991 843 2042 ubi
877 1991 1055 2062 aquila
1087 1991 1329 2062 seculpta
1371 2001 1470 2052 est,
1516 2002 1568 2041 et
1609 1991 1870 2062 quiequid
1912 1992 1976 2043 de

135 2079 360 2151 gemmis
416 2079 711 2140 habemus,
773 2090 825 2129 et
880 2099 1128 2151 gangana
1183 2079 1375 2141 sirica,
1438 2099 1557 2130 eum
1608 2080 1869 2151 spondale
1926 2091 1977 2131 et

134 2178 314 2238 tapete
371 2187 498 2228 uno,
559 2179 612 2218 et
667 2169 903 2218 burrene
968 2167 1190 2218 meliore
1254 2187 1382 2229 uno,
1443 2187 1562 2219 eum
1619 2167 1972 2230 faseiuneulo,

134 2276 240 2307 una
288 2255 512 2306 fureella
561 2267 835 2328 argentea,
889 2276 1009 2306 011111
1059 2256 1514 2326 pusilaresduos,
1554 2266 1606 2306 et
1654 2256 1747 2306 illo
1797 2256 1977 2307 balteo

136 2345 342 2394 minore
391 2364 510 2395 eum
557 2344 802 2416 gemmis,
855 2355 907 2394 et
956 2343 1102 2394 fialas
1152 2354 1437 2416 argenteas
1479 2344 1629 2405 duas,
1669 2344 1875 2415 aliquid
1910 2344 1975 2395 de

137 2452 265 2483 auro
315 2432 407 2502 qui
457 2432 715 2482 remansit
770 2431 959 2492 fracto,
1013 2442 1065 2481 et
1115 2431 1320 2502 aliquid
1371 2431 1435 2482 de
1493 2443 1673 2502 patras
1723 2452 1859 2502 quae
1911 2432 1976 2483 ad

137 2521 312 2591 ipsum
347 2540 481 2590 opus
516 2520 796 2581 habemus,
828 2519 988 2570 saciat
1018 2519 1283 2571 Richildis
1321 2539 1479 2570 eruce
1507 2520 1753 2581 asiriaCO,
1779 2530 1832 2571 et
1858 2520 1975 2571 illas

137 2628 221 2659 res
250 2628 385 2679 quae
414 2608 661 2678 superius
691 2608 964 2679 delegatas
992 2608 1185 2668 habeo,
1217 2608 1414 2658 habeat
1442 2608 1707 2660 Richildis
1741 2608 1796 2658 in
1822 2628 1976 2659 usum

138 2696 373 2768 quandiu
433 2696 711 2757 advixerit,
772 2707 960 2767 postea
1009 2706 1348 2746 revertantur
1405 2695 1471 2746 ad
1524 2696 1671 2766 ipsos
1728 2697 1976 2767 superius

137 2785 531 2845 denominatoS,
565 2785 688 2855 quia
724 2786 799 2835 sie
832 2784 1152 2835 traditiones
1195 2783 1244 2833 ei
1285 2784 1449 2835 saetas
1492 2785 1686 2834 habeo.
1726 2784 1771 2835 A
1805 2784 1977 2835 sancti

136 2875 282 2927 Petri
310 2885 361 2925 et
389 2874 559 2924 saneti
595 2873 745 2925 Pauli
773 2873 958 2924 libello
986 2893 1112 2933 uno,
1146 2893 1173 2923 a
1201 2883 1386 2923 saneto
1407 2873 1641 2924 Martino
1669 2872 1972 2933 Atrusiaeo‚

137 2983 295 3014 eruce
338 2972 592 3033 argentea
628 2962 855 3023 minore,
896 2981 1015 3012 011111
1049 2961 1256 3033 lignum
1296 2961 1535 3022 Domini,
1568 2971 1620 3011 et
1648 2961 1893 3031 reliquiS,
1926 2971 1978 3011 et

137 3051 202 3101 de
231 3050 472 3100 clauvum
502 3049 642 3099 unde
676 3049 939 3100 Dominus
968 3048 1254 3100 crucifixus
1290 3048 1408 3108 suit,
1441 3049 1622 3110 bursa,
1664 3069 1783 3100 cum
1819 3050 1977 3099 brus-

137 3138 276 3189 dano
311 3148 362 3187 et
396 3137 634 3187 simiama
685 3137 850 3208 drape
900 3137 1138 3208 plumato
1180 3157 1342 3208 super
1377 3137 1619 3197 luitrino,
1660 3157 1762 3187 11113
1814 3138 1973 3188 buxta

71 3237 76 3240 '
137 3227 372 3277 eburnea
425 3225 651 3285 minore,
705 3236 756 3275 et
796 3225 935 3275 libro
984 3226 1254 3296 pastorale
1304 3245 1431 3285 uno,
1479 3245 1712 3276 canones
1764 3245 1974 3276 searsus

139 3313 421 3385 quaternio
475 3334 605 3373 11110,
660 3313 970 3363 Gerbrardo
1019 3324 1071 3363 et
1118 3313 1454 3383 epondenale
1503 3313 1688 3363 libello
1745 3313 1810 3363 de
1861 3324 1973 3363 arte

140 3402 376 3462 militari,
429 3412 478 3452 et
529 3412 717 3472 parto:
765 3401 1075 3461 (lunbaldo,
1129 3411 1178 3450 et
1229 3421 1430 3471 anapos
1467 3421 1693 3452 corneos
1738 3400 1972 3452 minores
