2259 3692
971 201 1228 248 -27-

174 327 306 378 libet
352 345 583 396 persona
637 323 830 374 exinde
878 323 1079 373 habere
1135 341 1243 372 non
1300 321 1665 391 pertimescat.
1721 322 1879 388 Quod
1927 322 2020 393 qui

175 424 360 464 contra
408 413 525 483 pari
577 432 672 463 suo
720 411 802 461 vel
852 421 1038 461 eontra
1087 409 1249 460 alium
1299 428 1695 479 quemeumque
1743 409 2019 461 hominem

174 501 334 552 ullam
373 500 753 571 repetitionem
791 497 984 549 exinde
1025 497 1199 547 faeere
1236 495 1528 555 conaverit,
1566 496 1812 566 partibus
1850 497 2014 558 illius,

173 599 358 640 eontra
398 588 483 638 cui
524 588 671 637 litem
716 586 977 645 intulerit,
1026 584 1228 635 solidos
1269 594 1449 633 tantos
1491 594 1784 653 conponat,
1832 595 1885 635 et
1927 605 2020 635 sua

174 676 425 747 repetitio
470 675 675 726 nullum
717 674 958 723 obtineat
1015 671 1286 731 effectum,
1342 670 1438 721 sed
1478 671 1743 741 unusquis
1781 691 1845 721 ex
1886 672 2019 742 ipsis

172 785 268 835 per
293 765 436 814 hune
475 762 717 813 libellum
755 761 969 831 repudii
995 780 1181 811 eorum
1220 758 1467 810 manibus
1506 759 1821 809 roboratum
1849 760 2015 810 omni-

175 873 278 924 que
303 863 547 922 tempore
575 850 744 921 quieti
770 849 980 899 valcant
1002 852 1014 887 ¹
1046 848 1304 899 residere.

177 1116 242 1162 ΝΟ
267 1118 362 1165 24.
404 1112 673 1161 Ilomicicle
701 1111 909 1160 commis
952 1129 1010 1159 en
1055 1129 1139 1159 cas
1180 1111 1240 1159 cle
1278 1110 1505 1177 legyilime
1546 1111 1772 1177 (lesen-se.
1819 1110 2022 1158 Discul-

229 1194 527 1261 pallea-5111·
569 1193 612 1242 Ie
656 1192 753 1241 lieu
798 1194 955 1240 meme
997 1198 1044 1240 et
1088 1198 1349 1258 [ran-spor&
1389 1192 1455 1240 (Iu
1499 1193 1668 1241 iudex.
1713 1191 2017 1258 Juyement.

240 1277 440 1324 Prezwe
466 1277 493 1323 a
521 1273 747 1340 foarnir.
786 1274 1019 1321 Te'moins
1047 1279 1093 1321 et
1120 1273 1410 1339 cojureurs.
1440 1273 1639 1322 Notice.

541 1443 613 1506 (Z.
642 1444 720 1507 30)
751 1443 922 1490 Form.
952 1443 1145 1490 Turon.
1186 1442 1266 1507 (R.
1302 1441 1362 1490 G.
1391 1443 1503 1503 491,
1534 1446 1556 1505 ἓ
1586 1443 1650 1508 1).

791 1612 1000 1664 Relatio
1029 1631 1148 1662 cum
1182 1612 1404 1662 iudicio.

247 1730 581 1780 Auctoritate
609 1730 743 1802 legis
770 1740 1088 1800 preceptum
1122 1740 1221 1791 est,
1253 1740 1310 1780 ut
1344 1729 1397 1779 in
1430 1740 1545 1780 toto
1580 1729 1690 1780 litis
1723 1729 2021 1780 terminum

174 1818 508 1888 requiratur,
563 1838 660 1889 per
711 1838 871 1888 quem
920 1828 1035 1868 orta
1085 1828 1166 1868 est
1218 1818 1531 1880 contenti03
1586 1828 1638 1867 et
1695 1817 1739 1867 si
1789 1818 1909 1888 quis
1958 1817 2025 1868 ad

174 1906 416 1976 rapinam
451 1905 751 1957 faciendam
786 1905 1102 1978 adgreditur
1138 1916 1227 1956 aut
1260 1906 1362 1956 iter
1396 1916 1645 1978 agentem
1686 1905 2026 1956 insidiaverit

173 2004 261 2045 aut
295 1993 511 2044 domum
541 1994 761 2045 alterius
789 2004 1089 2044 nocturnus
1116 1994 1448 2065 spoliaverit,
1473 2014 1617 2044 mors
1646 1993 1822 2044 anime
1850 1993 2024 2064 ipsius

172 2103 238 2132 nc
266 2081 626 2152 requiratur².
661 2083 832 2154 Igitur
861 2102 961 2155 ego
989 2082 1043 2132 in
1078 2082 1180 2132 Dei
1216 2082 1435 2133 nomine
1471 2082 1564 2133 ille
1602 2081 1771 2132 iudex
1801 2082 2025 2133 veniens

172 2171 226 2220 in
262 2170 380 2220 loeo
420 2181 767 2241 nuncupante
811 2170 903 2220 illo
948 2171 1046 2230 sub
1083 2170 1169 2221 die
1211 2170 1305 2221 illo
1347 2190 1452 2221 una
1489 2190 1609 2221 eum
1651 2170 1811 2220 bonis
1847 2170 2024 2220 homi-

171 2258 330 2309 nibus
366 2258 432 2309 ad
466 2259 643 2309 locum
677 2259 1004 2309 accessionis
1024 2257 1058 2319 ³,
1097 2259 1191 2309 ubi
1226 2259 1422 2329 aliquis
1466 2259 1629 2309 homo
1666 2258 1886 2309 nomine
1931 2258 2025 2308 ille

173 2346 444 2415 quondam
477 2346 797 2397 interfectus
830 2347 1058 2407 iacebat,
1098 2347 1405 2417 requirens,
1445 2367 1545 2417 pro
1584 2366 1687 2417 qua
1724 2366 1784 2397 re
1820 2346 2025 2397 ibidem

172 2433 489 2484 interfectus
532 2433 740 2484 fuisset.
783 2434 892 2485 Sed
923 2435 1203 2485 venientes
1239 2435 1488 2485 homines
1540 2434 1747 2485 ibidem
1790 2454 2026 2485 comma-

173 2531 382 2581 nenteS‚
421 2522 512 2591 qui
556 2522 609 2571 in
652 2522 808 2572 initio
851 2522 959 2572 litis
1003 2522 1205 2572 ibidem
1248 2522 1468 2572 fuerunt
1501 2522 1584 2572 vel
1631 2523 1721 2592 qui
1770 2522 1836 2573 ad
1878 2523 2026 2593 ipsos

176 2608 410 2659 huccos'*
444 2621 820 2671 cucurrerunt,
855 2610 1071 2680 quando
1100 2610 1203 2660 iam
1233 2610 1410 2660 dictus
1440 2610 1602 2660 homo
1631 2610 1833 2660 ibidem
1862 2610 2025 2660 inter-

174 2696 343 2747 fectus
379 2696 497 2756 suit,
535 2698 715 2748 taliter
749 2699 1121 2749 testimonium
1155 2699 1516 2769 prebuerunt,
1550 2709 1625 2758 ut,
1668 2698 1795 2749 dum
1826 2698 2023 2768 aliquis

174 2785 334 2835 homo
364 2786 581 2836 nomine
616 2786 706 2836 ille
742 2787 1077 2837 sollemniter
1105 2786 1205 2836 sibi
1236 2786 1564 2847 ambulabat,
1603 2787 1680 2837 sie
1711 2787 1812 2837 iam
1843 2786 2024 2837 dietus

174 2872 264 2922 ille
314 2873 585 2943 quondam
636 2874 811 2944 ipsum
846 2875 1113 2925 adsallivit
1153 2874 1235 2924 vel
1278 2874 1554 2925 insidiavit
1596 2885 1647 2925 et
1690 2895 1774 2925 res
1820 2895 1941 2925 suas
1977 2876 2024 2925 ei

175 2960 501 3011 contradixit
549 2972 710 3032 atque
752 2963 1018 3013 violenter
1068 2982 1231 3033 super
1282 2962 1459 3033 ipsum
1505 2963 1790 3034 evaginato
1841 2962 2024 3034 gladio

237 3137 278 3175 1.
312 3135 547 3177 Puissent.

238 3203 280 3241 2.
316 3202 366 3241 L.
394 3202 523 3242 Rom.
562 3202 781 3258 Wsz'gotlz.
816 3203 926 3245 Cod.
962 3204 1129 3246 leeod.
1155 3208 1235 3252 IX,
1268 3209 1333 3254 11,
1365 3208 1388 3247 2
1418 3208 1611 3264 lnterpr.

237 3269 277 3308 3.
315 3270 404 3308 Sul·
428 3265 465 3307 le
494 3266 581 3308 lieu
611 3267 664 3309 de
691 3268 950 3311 l'lzomicide
981 3272 1046 3325 Cf.
1072 3273 1176 3312 Lex.
1207 3271 1307 3313 Sal.
1337 3270 1562 3325 (Hessels)
1582 3271 1662 3324 tit.
1688 3286 1803 3321 wa,
1829 3286 1878 3329 p.
1908 3272 2022 3312 408.-

298 3333 364 3373 sic,-
392 3332 521 3374 dehet
548 3333 704 3382 iudex,
736 3335 818 3376 hoe
844 3343 907 3376 est
937 3351 1076 3378 comcs
1105 3345 1186 3379 (ιιιι
1212 3341 1363 3394 grafio
1388 3336 1453 3379 ad
1479 3336 1624 3379 locum
1655 3336 1923 3379 accedere...

240 3399 279 3441 4.
321 3398 417 3441 Cris
444 3398 567 3452 (arec.
592 3402 741 3456 smne.
772 3400 975 3458 hueber).
