2259 3692
1025 88 1285 136 -45-

226 210 462 262 wadium
507 230 683 262 meum
707 224 843 262 'eam
883 210 1104 262 contra¹
1137 231 1230 262 vos
1269 220 1597 281 componere
1637 210 1720 261 vel
1763 212 2075 264 satisfacere

228 298 473 359 debeam,
503 299 606 349 hoc
632 309 714 349 est
747 299 952 350 solidos
978 309 1158 350 tantos
1185 298 1267 350 vel
1286 330 1375 349 -—.
1404 297 1514 349 Sed
1539 297 1666 348 dum
1696 298 1843 369 ipsos
1872 300 2076 352 solidos

227 386 446 437 minime
490 387 675 447 habui,
725 386 869 438 unde
913 387 1277 438 transsolvere
1323 386 1568 446 debeam,
1608 386 1684 436 sie
1726 387 1858 438 mihi
1899 387 2078 459 aptifi-

228 474 365 525 cavit
398 485 456 524 ut
489 474 771 525 brachium
804 475 859 525 in
893 475 1092 526 collum
1125 475 1285 546 posui
1314 485 1367 525 et
1392 494 1489 545 per
1516 494 1721 524 comam
1756 476 1947 546 capitis
1974 476 2079 527 mei

229 581 409 612 coram
450 563 831 633 praesentibus
872 563 1185 614 hominibus
1224 562 1441 614 tradere
1483 561 1638 622 seci2‚
1684 562 1739 612 in
1774 583 1832 614 ea
1868 564 2078 615 ratione

226 660 285 700 ut
324 650 542 701 interim
588 650 734 721 quod
775 651 922 722 ipsos
965 651 1168 702 solidos
1212 662 1420 702 vestros
1464 650 1695 701 reddere
1736 661 1986 721 potuero,
2026 662 2079 702 et

227 738 505 789 servitium
538 749 777 790 vestrum
820 749 873 790 01
913 759 1096 810 opera,
1145 739 1538 810 qualecumque
1576 758 1670 789 vos
1710 738 1793 789 vel
1835 738 2077 790 iuniores

224 826 391 877 vestri
423 827 788 889 iniunxeritis,
821 827 996 879 facere
1032 838 1085 878 et
1115 827 1412 898 adimplere
1448 827 1694 888 debeam,
1726 837 1778 878 et
1812 827 1857 877 si
1884 827 2079 878 exinde

227 915 513 987 negligens
557 915 641 966 vel
683 916 907 967 iactivus
948 936 1270 987 apparuero,
1316 915 1559 986 spondeo
1602 935 1685 966 1110
1733 926 1921 966 contra
1960 936 2074 976 vos,

226 1014 284 1054 ut
324 1003 485 1054 talem
527 1004 870 1074 disciplinam
918 1025 1080 1075 supra
1115 1004 1335 1055 dorsum
1380 1024 1556 1054 meum
1599 1002 1774 1054 facere
1823 1004 2074 1065 iubeatis,

229 1112 387 1162 quam
417 1112 579 1162 super
605 1092 846 1162 reliquos
882 1112 1064 1143 servos
1097 1102 1324 1143 vestros

228 1370 294 1417 Νο
320 1374 415 1420 39.
458 1369 599 1418 Plait
626 1369 837 1436 preside
868 1388 974 1436 par
1014 1368 1056 1418 Ie
1096 1368 1288 1418 vicaire
1324 1368 1446 1417 cI'un
1483 1375 1660 1417 comte.
1710 1369 1868 1417 Terre
1901 1387 2079 1418 reven—

292 1449 478 1517 clique'e
519 1468 710 1499 comme
763 1451 1098 1517 injustement
1128 1450 1276 1516 prise
1323 1449 1390 1498 clu
1448 1467 1623 1498 manse
1670 1449 1791 1498 dont
1838 1449 1933 1498 elle
1979 1450 2080 1516 fait

284 1531 477 1597 partie.
510 1532 711 1581 Preuve
741 1533 1036 1599 (jutqement
1061 1531 1122 1580 cle
1147 1531 1298 1597 Dieu)
1320 1549 1425 1597 par
1453 1531 1499 1579 Ia
1527 1530 1687 1579 croix.
1716 1530 1917 1580 Notice.

556 1701 630 1766 (Z.
663 1703 739 1768 13)
769 1703 942 1751 Form.
972 1701 1123 1750 Salic.
1154 1701 1373 1765 Bignon.
1407 1700 1486 1765 (R.
1523 1699 1581 1749 G.
1611 1700 1745 1764 502).

704 1872 919 1925 Noticia
961 1871 1026 1922 de
1070 1886 1230 1923 cruce
1273 1870 1593 1922 evindicata.

300 1999 442 2050 Dum
492 2008 544 2049 et
592 1998 843 2049 omnibus
884 2017 993 2048 non
1035 2007 1116 2048 est
1156 1996 1515 2069 incognitum,
1570 1995 1802 2067 qualiter
1850 1995 2074 2046 veniens

225 2087 387 2137 homo
416 2086 583 2138 alicus
611 2106 808 2137 nomen
843 2085 933 2136 ille
968 2096 1090 2136 ante
1123 2083 1364 2157 vigario3
1395 2084 1624 2135 inluster
1657 2084 1737 2134 vir
1757 2083 1850 2134 illo
1879 2083 2075 2134 comite

228 2195 425 2226 nomen
460 2175 553 2225 illo
580 2174 835 2225 adversus
862 2174 1082 2224 homine
1118 2173 1254 2224 alico
1290 2192 1487 2223 nomen
1521 2172 1634 2233 illo,
1674 2171 1972 2243 repedebat
2001 2171 2069 2232 ei,

229 2263 355 2314 dum
383 2263 607 2324 diceret,
646 2283 708 2313 00
738 2272 869 2333 quot
908 2272 1055 2312 terra
1089 2281 1183 2312 sua
1218 2261 1282 2311 de
1311 2280 1407 2311 suo
1450 2280 1597 2310 maso
1631 2260 1718 2310 ucl
1754 2260 1820 2310 de
1854 2279 1948 2310 sua
1973 2279 2073 2330 po-

225 2361 421 2402 testate
454 2350 593 2401 malo
635 2350 827 2401 ordine
861 2349 1250 2420 proprisisset3
1290 2347 1386 2399 sed
1427 2348 1531 2418 ipsi
1572 2347 1652 2398 illi
1687 2347 1752 2398 de
1786 2357 2074 2418 praesente

228 2426 440 2490 adstare
481 2439 766 2490 videbatur
794 2448 845 2488 et
878 2438 978 2489 hac
1015 2457 1173 2488 causa
1207 2436 1419 2487 fortiter
1454 2435 1760 2508 denegavit,
1795 2434 1941 2506 quod
1977 2455 2071 2486 sua

224 2538 370 2579 terra
403 2527 468 2579 de
513 2547 608 2578 suo
643 2547 790 2577 maso
831 2525 970 2576 malo
1017 2525 1208 2576 ordine
1243 2544 1537 2595 numquam
1578 2523 1933 2594 proprisisset
1974 2542 2074 2574 nec

285 2705 326 2744 1.
361 2705 435 2744 Αιι
460 2701 629 2759 regard
656 2701 711 2744 de
740 2717 861 2754 rous,
889 2716 992 2743 avec
1016 2715 1140 2743 vous.

284 2772 325 2810 2.
359 2771 407 2810 ιῙε
433 2785 499 2810 me
524 2769 624 2810 suis
652 2769 774 2810 [ἶφι-θ’.
803 2769 1008 2809 Tradere
1038 2767 1123 2808 feci
1145 2781 1269 2825 pom·
1295 2766 1484 2808 tradidi.

284 2838 326 2878 3.
367 2837 429 2891 Cf.
476 2837 625 2877 Form.
667 2833 767 2877 Sal.
810 2834 943 2889 Bign.
977 2836 1041 2887 (Z.
1085 2837 1106 2875 7
1132 2847 1191 2874 Ξ
1220 2835 1275 2874 R.
1308 2834 1355 2874 G.
1387 2833 1516 2886 460):
1566 2846 1666 2872 cum
1713 2829 1970 2871 resedisset
1995 2829 2073 2871 ille

224 2901 431 2956 vigarius
477 2901 675 2942 inluster
702 2901 772 2941 vir
809 2900 888 2941 illo
915 2899 1080 2940 comite
1107 2899 1153 2939 iu
1195 2899 1276 2939 illo
1315 2899 1454 2939 mallo
1482 2897 1670 2954 publico
1712 2912 1802 2937 una
1830 2911 1931 2937 cum
1954 2895 2073 2951 ipsis

227 2967 444 3008 scabinos
472 2967 550 3024 qui
587 2967 630 3008 in
672 2967 826 3022 ipsum
866 2965 1052 3006 mallum
1095 2964 1378 3005 resedebant
1412 2965 1469 3005 ad
1511 2978 1676 3004 causas
1717 2961 1974 3003 audiendas
2002 2961 2073 3002 vel

224 3041 349 3074 recta
376 3034 545 3075 iudicia
571 3033 881 3074 terminanda.
918 3034 1037 3073 Soles
1066 3029 1128 3071 les
1155 3030 1500 3086 Met-ovingiens,
1523 3031 1570 3086 je
1603 3044 1655 3070 ne
1683 3027 1876 3070 connais
1899 3041 1992 3085 pas
2019 3025 2073 3068 de

225 3106 342 3140 teoete
367 3101 633 3157 presentant
659 3114 717 3140 un
750 3096 959 3139 tribunal
985 3111 1042 3138 on
1086 3111 1144 3137 nn
1166 3095 1293 3154 plait
1314 3095 1502 3155 pre'side'
1521 3109 1614 3154 pal·
1640 3109 1698 3136 nn
1728 3094 1924 3149 ποθεῖν-0,·
1968 3107 2065 3149 roy.

222 3180 401 3223 ραι-εχ.
432 3165 569 3207 Solem
606 3167 658 3206 R.
692 3179 719 3205 ιι
751 3165 841 3206 GV.
870 3166 905 3219 J,
936 3178 983 3221 p.
1013 3165 1111 3216 511,
1141 3169 1242 3204 note
1267 3165 1335 3205 10.
1367 3165 1424 3204 Le
1450 3176 1553 3204 nom
1581 3160 1660 3203 des
1686 3159 1876 3202 scabius
1899 3174 1944 3200 se
1970 3173 2073 3200 ren-

226 3238 376 3273 contre
401 3245 521 3289 pour
547 3230 593 3272 la
618 3230 834 3288 premiere
858 3231 965 3284 sois,
997 3229 1025 3270 ἁ
1048 3243 1123 3270 ma
1151 3229 1499 3284 connaissance,
1533 3243 1582 3269 en
1613 3229 1695 3270 780
1737 3232 1778 3266 et
1821 3227 1918 3280 781,
1966 3237 2065 3280 roy.

228 3300 402 3353 Zenm.7
424 3313 471 3355 p.
501 3299 599 3345 227,
623 3311 664 3337 η.
693 3298 732 3338 5.
