2259 3692
1042 171 1334 221 —119-

276 300 510 350 Ramnus
536 296 603 347 ad
627 307 757 347 ωηο
791 297 923 348 hora
955 307 1305 367 praeceptum
1348 298 1625 368 imperiale
1660 311 1713 350 et
1741 300 2005 370 judicium
2041 302 2106 353 ad

273 383 623 456 relegendum
658 384 913 435 ostendit.
954 384 1063 436 Sed
1108 384 1234 435 dum
1277 384 1511 436 relectus
1552 385 1760 448 fuisset,
1806 388 2106 440 invenimus

266 471 491 522 veritate
534 471 886 522 Gondisalvio
922 472 1132 523 abbate.
1174 474 1306 524 Nam
1341 472 1456 543 ipsc
1500 474 1721 524 commis
1761 476 1924 545 jussit
1958 496 2101 537 suos,

263 558 318 609 id
359 569 440 609 est
487 557 610 619 Ato,
666 559 1029 620 Centaredus,
1076 559 1375 611 Gultcredo
1424 570 1477 610 et
1525 561 1783 622 Ermcllo,
1838 573 1894 613 ut
1944 584 2106 634 super

261 646 405 716 ipsas
454 666 539 697 rcs
573 646 849 697 venissent
904 657 956 697 et
1010 647 1088 697 rei
1122 647 1346 697 veritate
1374 647 1655 709 vidissent,
1689 649 1733 699 si
1775 661 1928 700 erant
1961 651 2104 721 ipsas

260 733 399 784 infra
434 733 710 785 manitate¹
745 735 1059 785 monasterii
1089 735 1473 796 Gondcsalvio,
1506 756 1571 786 an
1606 756 1732 787 non.
1774 739 1851 788 Ita
1878 738 2016 789 sicut
2053 750 2105 790 et

260 820 504 872 fecerunt
530 822 733 872 reversi
760 822 813 872 in
849 824 963 892 ejus
996 822 1079 872 vel
1106 843 1292 873 eorum
1314 822 1521 893 judicio
1556 824 1759 894 pariter
1799 824 2052 876 dixerunt
2090 849 2098 877 :

226 930 229 933 ·
262 931 287 958 «
317 911 426 960 Nos
452 909 694 959 videmus
730 920 782 960 et
802 910 1124 970 invenimus,
1151 910 1298 981 quod
1330 910 1473 981 ipsas
1493 931 1578 962 rcs
1606 911 1746 963 insra
1768 913 1921 985 signa
1950 934 2103 984 proc-

257 994 442 1047 xoria⁶
473 997 556 1047 vel
589 997 847 1048 termines
873 997 1017 1068 ipsas
1050 1018 1136 1049 res
1186 1009 1310 1049 sunt
1351 999 1437 1050 vel
1473 1000 1756 1070 subjacent
1797 1020 1824 1051 a
1858 1001 2102 1071 partibus

259 1085 572 1136 monasterii
594 1085 976 1138 Gondesalvio.
1011 1107 1036 1134 »
1073 1085 1158 1137 Ad
1189 1097 1319 1138 ωηο
1349 1107 1447 1137 nos
1480 1087 1778 1158 supradicti
1806 1089 2102 1162 interroga-

258 1174 428 1225 vimus
450 1172 702 1235 Odilone,
730 1174 774 1224 si
793 1174 1016 1244 potebat
1032 1175 1192 1225 abere
1214 1174 1369 1225 aliam
1391 1175 1660 1246 scriptura
1680 1187 1768 1227 aut
1780 1176 1947 1227 ullum
1967 1178 2103 1229 indi-

260 1263 399 1313 cium
412 1261 625 1312 veritati
652 1271 741 1312 aut
752 1281 848 1332 per
867 1262 1177 1313 testimonia
1188 1273 1244 1313 ut
1256 1263 1399 1333 ipsas
1414 1283 1498 1314 res
1514 1263 1579 1314 ad
1593 1264 1838 1334 partibus
1863 1265 1973 1316 suis
1993 1267 2102 1316 vin-

260 1349 440 1400 dicare
465 1349 739 1400 valuisset.
773 1349 857 1400 Ad
882 1360 1011 1401 tunc
1032 1351 1147 1421 ipse
1170 1350 1328 1402 Odilc
1350 1371 1404 1401 se
1417 1352 2104 1423 recognobitvelexvaeua-

258 1438 338 1488 bit
362 1458 409 1487 z«
442 1437 579 1501 Quia
607 1436 671 1487 de
704 1437 947 1508 ipsasres
963 1438 1211 1508 superius
1238 1438 1429 1500 dictas,
1468 1459 1604 1510 quae
1620 1441 2101 1492 suntinterritorio

257 1525 630 1586 Narbonense,
657 1526 919 1576 suburbio
939 1526 1362 1588 Ventonelense,
1387 1547 1488 1599 ego
1516 1547 1604 1578 eas
1626 1528 1881 1598 prendidi
1901 1530 2100 1601 injuste

255 1633 371 1664 mea
397 1614 620 1683 propria
646 1614 1049 1683 praesumtione
1085 1615 1288 1685 absque
1318 1615 1526 1685 judicio
1553 1615 1618 1666 de
1653 1628 1922 1686 potestate
1959 1622 2099 1670 Gon-

256 1701 490 1752 desalvia
531 1701 738 1762 abbati,
790 1700 915 1752 dum
954 1702 1070 1772 ipse
1112 1704 1233 1772 jure
1281 1723 1375 1752 suo
1423 1703 1635 1775 legibus
1689 1705 2021 1757 retinuisset.
2072 1729 2096 1755 >›

257 1789 486 1854 Quando
531 1809 678 1840 suam
719 1790 1094 1862 recognitione
1129 1801 1181 1841 et
1222 1791 1570 1852 vacuasionc,
1612 1794 2100 1862 perquamsivimus

256 1877 310 1927 in
349 1877 467 1949 lege
508 1878 831 1938 Gothorum,
871 1878 965 1928 ubi
1005 1879 1244 1949 apertius
1279 1879 1582 1930 invenimus
1618 1880 1671 1929 in
1708 1880 1848 1931 libro
1883 1883 2094 1944 oetabo,

254 1964 412 2015 titulo
465 1965 659 2036 primo,
699 1985 789 2016 era
828 1987 877 2027 v,
916 1966 1009 2016 ubi
1051 1966 1218 2017 dicit:
1270 1989 1296 2016 ((
1332 1968 1532 2020 Nullus
1572 1976 1802 2031 commis,
1850 1977 2094 2034 vicarius,

248 2059 605 2123 praepositus,
644 2066 830 2105 auctor·
869 2067 962 2105 uut
1004 2068 1328 2125 procurator
1362 2056 1603 2127 quislivet
1646 2063 1903 2127 ingenuus
1944 2072 2101 2132 utque

252 2148 409 2192 etiam
443 2142 640 2204 serbus,
688 2162 797 2193 rem
830 2143 893 2193 ab
936 2144 1043 2194 ulio
1087 2144 1471 2214 possiclentem⁰
1501 2157 1624 2216 post
1673 2153 1881 2197 nomine
1920 2155 2101 2218 regiae

247 2236 527 2300 potestatis
568 2231 650 2281 vel
680 2231 1011 2282 dominorum
1051 2252 1265 2283 suorum
1299 2245 1390 2284 (eut
1429 2230 1616 2284 suumd
1650 2254 1911 2305 usurpare
1937 2256 2098 2306 prue-

251 2330 422 2369 sumut
469 2330 592 2369 urite
622 2320 889 2388 judicium
929 2321 1070 2391 quod
1107 2322 1317 2390 [finem]
1360 2331 1605 2391 expectat
1635 2323 2004 2388 discussiouee,
2044 2326 2101 2375 id

252 2406 392 2477 quod
432 2406 495 2456 ab
531 2407 640 2456 aliu
669 2408 974 2476 possidetur
1013 2419 1106 2459 aut
1136 2411 1287 2477 juris
1326 2409 1553 2460 alterius
1597 2430 1707 2460 esse
1743 2411 2091 2481 dignoscitur,

253 2500 521 2557 invaserit,
568 2514 769 2544 omnem
810 2496 950 2566 quod
984 2496 1201 2547 abstulit
1243 2508 1292 2547 et
1327 2505 1769 2566 praesumsiosius
1811 2506 2003 2551 invasit
2043 2508 2096 2551 iu

252 2582 470 2651 duplum
510 2588 556 2632 ei
598 2590 865 2647 restituat,
908 2583 972 2633 cle
1005 2586 1154 2651 cujus
1180 2587 1312 2653 jure
1355 2593 1492 2636 visus
1536 2598 1613 2637 est
1655 2586 1948 2652 abstulisse,
2000 2588 2096 2639 hac·

250 2670 581 2739 singulorum
615 2690 876 2722 ettenorum
897 2670 1092 2742 fruges
1118 2692 1247 2744 quas
1274 2673 1653 2743 inclesicleliter
1678 2676 1908 2746 Collegit,
1930 2679 2094 2747 juru-

253 2756 414 2808 verus
445 2765 667 2828 petitori
707 2760 1059 2829 compellatur
1099 2761 1393 2814 exsolvere.
1441 2783 1466 2810 ))
1512 2763 1651 2812 Dum
1693 2783 1791 2814 nos
1843 2765 2089 2824 commis,

250 2845 391 2895 vassi
425 2845 684 2896 dominici
725 2847 825 2897 hac
859 2847 1072 2918 judices
1113 2848 1434 2901 vidissemus
1475 2850 1636 2901 talem
1675 2851 1754 2901 rei
1797 2852 2009 2903 veritati
2044 2863 2095 2903 ct

304 3074 348 3129 b)
378 3076 470 3117 Lis.
501 3076 679 3118 fixoria.
715 3101 772 3109 —·
814 3079 851 3132 c)
893 3080 984 3120 Lis.
1013 3094 1109 3120 rem
1152 3095 1268 3137 quae
1297 3080 1354 3121 ab
1389 3082 1479 3122 alio
1508 3082 1794 3138 possidetur.
1824 3108 1883 3115 —-
1911 3085 1954 3139 d)
1996 3085 2089 3126 Lis.

246 3157 377 3182 ausu.
408 3166 460 3173 —
488 3144 528 3196 e)
548 3142 642 3183 Lis.
673 3143 811 3192 Quod
833 3144 982 3184 sinon
1003 3152 1243 3200 expectata
1267 3147 1579 3189 discussione.
1605 3173 1659 3180 --
1702 3150 1734 3203 f)
1768 3149 1862 3191 Lis.
1891 3150 2094 3192 fideliter

246 3207 495 3263 collegisse
542 3207 779 3249 iuraverit.
826 3233 872 3241 -·
918 3212 961 3264 g)
1017 3211 1104 3251 Lis.
1157 3212 1463 3253 decrevimus.

306 3305 345 3343 1.
382 3303 668 3348 Immunitas,
699 3304 774 3352 ici,
806 3320 857 3346 ue
886 3321 950 3346 mc
977 3305 1140 3363 paruit
1163 3322 1253 3365 pas
1273 3309 1374 3365 pris
1401 3323 1463 3350 (ιιι
1488 3325 1592 3351 sens
1621 3311 1886 3369 teclzniquc5
1915 3311 2020 3353 c'esc
2053 3310 2089 3352 la

249 3368 472 3411 ierritoire
499 3368 580 3427 qui
605 3370 872 3427 appartient
899 3386 948 3412 en
967 3386 1133 3429 propre
1160 3387 1221 3414 (ιιι
1249 3377 1518 3417 ηιοηαείέιᾚ.
