2259 3692
1030 258 1092 266 -
1134 230 1219 279 1114
1263 259 1324 266 -

245 356 482 428 generis,
529 357 762 427 pascuis,
809 357 1137 427 piscatoriis,
1185 358 1338 427 aquis
1379 376 1704 428 aquarumve
1747 358 2091 426 decursibus,

245 445 525 516 pontibus,
565 444 904 516 ingressibus
940 455 993 496 et
1034 445 1397 517 regressibus,
1437 445 1732 496 mobilibus
1766 456 1819 497 et
1851 446 2094 498 immobi-

244 533 386 584 libus
420 542 473 584 et
505 532 558 583 in
595 533 805 584 eunetis
840 553 976 604 quae
1012 533 1119 584 dici
1145 532 1227 584 vel
1255 533 1524 584 nominari
1550 545 1799 604 possunt,
1831 534 1897 586 ad
1923 535 2095 606 ipsam

245 622 438 672 curtim
471 621 896 693 pertinentibus,
933 633 1041 673 tam
1077 621 1142 672 de
1177 612 1451 673 concessis
1479 641 1506 673 a
1532 623 1852 693 parentibus
1881 643 2039 694 quam
2067 643 2095 674 a

245 730 327 760 me
373 709 680 781 adquisitis,
731 720 807 772 ut,
857 709 1313 781 quemadmodum
1355 730 1455 781 ego
1499 710 1606 761 illis
1649 710 1852 762 dictum
1890 711 2093 763 tradidi

243 797 499 859 alodium,
528 798 599 849 ita
628 798 733 869 ipsi
757 799 899 869 parti
926 798 1109 849 altaris
1131 799 1303 849 sancti
1328 799 1495 859 Petri,
1530 798 1675 870 quod
1703 809 1783 850 est
1808 800 1863 850 in
1883 799 2094 870 prefato

243 886 531 938 Gorziensi
572 887 922 947 monasterio,
961 887 1055 938 ubi
1089 887 1249 937 etiam
1282 887 1593 938 venerabile
1634 888 1854 960 pignus,
1897 907 2094 958 corpus

243 974 452 1026 scilieet
497 975 670 1026 5311011
713 975 1000 1047 Gorgonii,
1047 975 1298 1037 habetur,
1345 976 1488 1027 unde
1533 996 1750 1047 quoque
1792 976 2093 1027 sanctitatis

242 1063 532 1114 memoriae
585 1062 902 1136 Agenoldus
963 1083 1080 1114 esse
1135 1063 1436 1115 dinoscitur
1479 1065 1672 1126 abbas,
1716 1064 1997 1116 traderent
2042 1075 2093 1115 et

240 1151 502 1202 vestirent
537 1172 546 1201 ε
614 1172 674 1202 03
738 1151 947 1202 50111001
1010 1152 1219 1202 ratione
1276 1163 1352 1213 ut,
1414 1152 1670 1223 quamdiu
1723 1153 2087 1209 Fredelindis,

242 1240 478 1290 coniunx
518 1259 654 1301 mea,
691 1239 904 1301 vixerit,
951 1259 1051 1290 usu
1092 1239 1369 1310 possideat
1418 1240 1736 1302 fructuario,
1788 1241 1995 1292 nullum
2029 1263 2093 1293 ex

239 1328 316 1378 eis
342 1328 549 1378 habens
583 1327 924 1398 pontificium
952 1327 1253 1389 minuendi,
1285 1328 1416 1399 quin
1450 1329 1632 1399 potius
1667 1329 1922 1401 augendi,
1955 1350 2091 1381 eme-

239 1415 494 1476 liorandi,
532 1415 878 1476 restituendi,
912 1435 971 1466 30
998 1415 1230 1486 proinde
1265 1416 1420 1467 annis
1456 1416 1685 1489 singulis
1718 1416 1774 1467 in
1802 1416 2090 1469 festivitate

240 1504 412 1554 saneti
450 1504 736 1576 Gorgonii,
782 1524 918 1575 quac
957 1515 1037 1555 est
1077 1507 1103 1555 5
1139 1504 1261 1555 idus
1301 1505 1661 1576 Septembris,
1699 1525 1798 1576 pro
1831 1506 2090 1558 vestitura

239 1592 451 1664 argenti
471 1591 664 1643 libram
691 1592 982 1663 persolvat.
1007 1594 1137 1644 Post
1158 1593 1273 1644 eius
1296 1614 1512 1664 quoque
1533 1593 1832 1645 discessum
1854 1594 2091 1665 quando-

239 1680 459 1751 quidem
494 1682 641 1731 Deus
674 1680 937 1742 voluerit,
978 1682 1157 1732 statim
1193 1692 1245 1732 et
1280 1682 1484 1752 absque
1519 1681 1746 1732 3110111115
1783 1682 2090 1734 contradic-

239 1769 386 1819 tione
422 1769 521 1820 hae
556 1789 641 1820 res
679 1789 797 1820 cum
837 1770 946 1820 suis
986 1770 1237 1821 omnibus
1273 1769 1339 1820 ad
1377 1770 1459 1820 ius
1493 1781 1545 1820 et
1584 1769 1846 1821 ditionem
1881 1771 2090 1822 abbatis

240 1857 414 1908 dietae
459 1858 900 1930 congregationis
943 1869 994 1909 et
1039 1858 1106 1909 ad
1142 1858 1479 1929 prebendam
1525 1859 1913 1910 monachorum
1954 1859 2086 1910 inibi

238 1947 354 1996 Deo
383 1945 697 2018 degentium
730 1947 1096 2008 remittantur,
1136 1947 1482 2018 habeantque
1515 1947 1678 1998 talem
1706 1968 1770 1998 ex
1796 1948 1872 1998 eis
1905 1958 2090 2019 potes-

241 2045 420 2095 tatem,
471 2035 685 2105 qualem
728 2034 793 2085 de
840 2035 1066 2106 reliquis
1109 2035 1175 2086 ad
1216 2056 1403 2087 eorum
1436 2036 1773 2107 prebendam
1806 2037 2089 2107 pertinen-

237 2123 401 2174 tibus.
447 2123 505 2175 Si
541 2133 718 2174 autem
754 2143 818 2174 ex
853 2124 972 2194 ipso
1012 2144 1177 2174 censu
1217 2124 1502 2196 negligens
1538 2135 1627 2175 3111
1660 2124 1813 2175 tarda
1850 2125 2088 2176 extiterit

237 2211 523 2283 legemque
553 2211 728 2262 faeere
757 2211 1048 2272 distulerit,
1082 2212 1330 2263 similiter
1358 2212 1573 2263 saciant.
1606 2214 1942 2283 Deprecatus
1972 2232 2086 2262 sum

237 2300 479 2370 insuper,
520 2310 576 2350 ut
611 2300 771 2350 liuius
807 2299 933 2351 faeti
961 2301 1220 2371 seriptum
1258 2301 1312 2351 in
1347 2300 1510 2371 pleno
1547 2300 1706 2351 mallo
1742 2300 2009 2351 levaretur
2036 2310 2085 2350 et

238 2408 264 2438 a
308 2388 522 2448 comite,
556 2388 792 2439 scabinis
827 2388 1055 2459 aliisque
1083 2390 1257 2439 Deum
1284 2389 1604 2439 timentibus
1631 2387 1987 2439 firmaretur¹.
2029 2387 2087 2440 Si

238 2486 414 2528 autem
450 2475 644 2547 aliquis
678 2476 941 2528 heredum
980 2497 1221 2528 meorum
1265 2476 1521 2528 adversus
1563 2477 1701 2528 hanc
1738 2476 2086 2527 donationem

237 2585 263 2616 a
290 2585 373 2616 me
395 2564 586 2616 factam
606 2565 890 2637 insurgere
907 2565 1137 2616 voluerit
1157 2585 1381 2636 eamque
1402 2565 1702 2638 infringere
1718 2565 2081 2636 temptaverit,

236 2653 386 2724 prius
431 2653 564 2704 iram
608 2654 710 2704 Dei
757 2654 998 2705 incurrat
1048 2674 1106 2705 30
1141 2665 1338 2706 53110130
1386 2654 1488 2704 Dei
1538 2653 1799 2714 ecelesiae,
1854 2653 1939 2704 0111
1979 2653 2083 2703 vim

236 2741 501 2802 intulerit,
545 2741 710 2792 libras
757 2742 871 2792 auri
924 2742 1041 2803 100,
1091 2743 1303 2814 argenti
1348 2743 1480 2793 1000
1525 2741 1797 2812 persolvat
1846 2751 1897 2791 et
1939 2740 2085 2811 quod

236 2830 436 2900 repetit
469 2829 776 2880 evindicare
806 2850 913 2880 non
946 2830 1137 2881 valcat.
1177 2830 1372 2881 Actum
1413 2830 1465 2880 in
1509 2829 1632 2880 villa
1674 2829 1993 2880 Dexteriaea
2029 2828 2082 2878 in

236 2916 398 2987 pleno
444 2917 624 2978 mallo,
670 2937 810 2968 anno
855 2919 919 2968 ab
965 2918 1338 2968 incarnatione
1383 2917 1603 2968 Domini
1639 2918 1741 2968 957
1784 2916 2084 2966 indictione

239 3006 325 3065 15,
364 3015 551 3076 epacta
582 3008 666 3065 17,
708 3016 1066 3056 concurrente
1097 3008 1145 3065 3,
1190 3026 1330 3057 311110
1368 3007 1426 3056 21
1468 3005 1624 3076 regni
1660 3005 1877 3056 Ottonis
1912 3004 2084 3074 impe-

235 3093 449 3144 ratoriS.
513 3095 568 3145 S.
616 3094 897 3144 Teutberti
940 3094 1169 3144 comitis.
1211 3094 1305 3145 Isti
1346 3103 1468 3144 sunt
1504 3093 1732 3144 scabinii
1771 3093 1862 3162 ,214
1889 3093 2078 3160 nones).

239 3181 294 3233 S.
330 3182 445 3253 Ego
479 3180 803 3241 AdclardUS,
843 3182 1114 3252 presbiter
1144 3181 1422 3254 indignus,
1460 3181 1527 3233 ad
1551 3182 1721 3232 vicem
1761 3178 2083 3232 Nortmanni

239 3268 551 3321 cancellarii
578 3269 789 3340 scripsi.

298 3449 335 3487 1.
374 3449 410 3487 ,4
440 3446 721 3505 [πρίῃ-001101·
748 3447 808 3488 du
837 3458 885 3487 120
913 3449 966 3490 40
993 3455 1032 3489 et
1059 3449 1152 3490 voit·
1171 3464 1218 3507 p.
1250 3450 1317 3501 48,
1347 3464 1390 3489 11.
1423 3451 1462 3490 1.
