2259 3692
1000 181 1258 232 -3ss-

200 311 319 382 ipso
353 311 447 362 illo
482 331 578 382 per
613 310 707 361 illo
735 311 873 362 ostio
907 310 990 362 vel
1016 310 1309 363 anaticula¹
1345 311 1411 363 de
1437 312 1553 383 ipsa
1588 332 1727 375 casa,
1759 333 1855 384 per
1880 314 2047 366 herba

196 399 279 450 vel
324 409 489 459 terra,
529 399 647 470 ipso
683 419 870 450 manso
904 399 987 450 vel
1023 399 1285 470 quicquid
1333 399 1400 451 ad
1440 400 1559 471 ipso
1600 421 1787 452 manso
1822 402 2045 473 aspicet,

197 487 337 538 sicut
391 487 446 538 in
490 487 605 558 ipsa
641 486 886 538 cessione
936 497 1017 537 est
1058 487 1340 549 insertum,
1379 487 1446 539 ad
1494 499 1647 559 parte
1689 488 1780 540 illa
1821 490 2048 541 ecclesia

195 575 340 626 visus
377 575 477 625 suit
512 574 830 626 tradidisset
856 585 1017 645 atque
1053 576 1446 648 consignasset.
1487 575 1548 627 Id
1583 587 1707 627 sunt
1742 577 1861 648 quis
1896 598 2046 649 prae-

198 663 462 714 sentibus.

198 883 264 930 ΝΟ
290 888 385 934 31.
438 883 596 932 Venle
614 882 878 951 puhlique
904 890 952 933 et
978 902 1039 933 en
1056 886 1307 950 presence
1333 884 1394 933 cle
1423 885 1633 934 te'moins
1666 885 1785 933 cI'un
1812 885 2046 952 serfpar

265 981 331 1011 un
370 964 672 1013 marchand.
704 965 973 1014 Paiement
998 965 1064 1013 clu
1084 965 1214 1031 pria:
1239 972 1286 1015 el
1324 966 1585 1015 tradition.
1630 997 1693 1002 -—
1726 966 1927 1029 Notice,
1959 966 2042 1028 ici,

262 1044 569 1094 instrument
595 1045 656 1094 de
692 1045 995 1112 disposition
1023 1052 1070 1095 et
1105 1045 1167 1095 (Ie
1185 1064 1384 1112 prenae
1411 1047 1471 1096 cle
1499 1047 1804 1097 translation
1837 1047 1898 1096 (Ie
1917 1066 2042 1114 pro-

251 1125 439 1191 pridie.

601 1238 674 1301 (Z.
703 1239 750 1303 9>
774 1238 964 1303 *Cartae
992 1239 1271 1286 Senonicae
1302 1239 1383 1302 (R.
1418 1239 1478 1287 G.
1508 1240 1641 1304 297).

863 1393 1068 1446 Notitia
1102 1393 1167 1444 de
1200 1414 1373 1445 servo.

264 1496 486 1557 Notitia,
556 1496 788 1567 qualiter
843 1508 895 1547 et
950 1497 1147 1568 quibus
1194 1498 1543 1568 presentibus
1597 1498 1820 1549 veniens
1876 1499 2038 1550 homo

193 1583 362 1635 alicus
402 1584 619 1635 nomine
653 1585 743 1636 ille
779 1585 833 1635 in
868 1605 1008 1657 pago
1042 1585 1155 1647 illo3
1194 1586 1249 1636 in
1283 1586 1402 1637 loeo
1438 1607 1542 1657 que
1571 1586 1769 1637 dicitur
1803 1587 1913 1649 ille,
1951 1607 2037 1638 seo

192 1671 247 1721 in
289 1672 542 1723 mercado
584 1675 666 1725 vel
705 1681 758 1724 in
800 1694 1120 1746 quacumque
1157 1676 1285 1736 loco,
1334 1685 1457 1725 ante
1500 1675 1657 1725 bonis
1698 1675 2031 1736 hominibus,

192 1760 284 1831 qui
332 1762 519 1811 subter
561 1761 928 1823 firmaverunt,
983 1762 1166 1813 datum
1216 1783 1371 1813 suum
1419 1763 1655 1834 pretium
1703 1764 1769 1814 ad
1816 1764 2035 1815 homine

189 1849 504 1921 negotiante
547 1850 752 1900 solidus
793 1861 995 1911 tantus,
1047 1871 1201 1901 servo
1247 1872 1342 1901 suo
1389 1872 1586 1902 nomen
1633 1852 1726 1902 illo
1767 1852 1911 1903 visus
1954 1863 2035 1903 est

190 1944 618 2007 con1parasset0.
660 1939 725 1988 Et
752 1938 869 2008 ipse
908 1939 1194 2011 negotiens
1233 1940 1351 2010 ipso
1386 1960 1539 1990 servo
1574 1940 1824 2010 superius
1858 1941 2033 1990 nomi-

188 2034 314 2075 nato
356 2045 454 2096 per
496 2026 744 2076 manibus
779 2027 1025 2097 partibus
1068 2027 1238 2098 ipsius
1274 2027 1360 2078 lue
1399 2028 1543 2079 visus
1580 2039 1660 2079 est
1693 2028 2028 2090 tradidisset,

189 2132 299 2163 non
328 2112 520 2164 fraudo
549 2113 644 2164 sed
676 2114 731 2164 in
764 2114 1006 2185 publico,
1037 2126 1113 2176 ut,
1157 2116 1418 2186 quiequid
1453 2116 1648 2167 exinde
1683 2116 1750 2167 ad
1785 2117 1870 2167 die
1906 2137 2032 2188 pre-

191 2211 343 2252 sente
385 2200 561 2252 facere
602 2202 858 2263 volueris,
913 2203 1138 2254 liberam
1181 2214 1234 2254 et
1274 2204 1633 2255 firmissimam
1676 2205 1730 2254 in
1779 2205 2030 2256 omnibus

186 2289 387 2340 habeas
421 2300 747 2360 potestatem
781 2289 1032 2341 faciendi.

257 2377 319 2428 Id
352 2388 495 2428 sunt.

182 2581 248 2628 ΝΟ
274 2586 369 2633 32.
411 2582 630 2632 Homme
669 2606 691 2628 «
720 2584 954 2650 for-haita
986 2607 1028 2634 ».
1079 2585 1441 2652 Disculpation
1483 2593 1530 2635 et
1557 2604 1756 2652 preuve
1788 2604 1893 2652 par
1927 2603 2030 2635 ser-

686 2665 698 2729 ῗ
724 2673 861 2715 ment
888 2673 935 2715 et
962 2667 1250 2733 cojureurs.
1280 2667 1479 2716 Notice.

625 2790 699 2854 (Z.
737 2792 814 2856 17)
845 2792 985 2839 Cart.
1016 2792 1202 2840 Senon.
1237 2793 1319 2857 (R.
1354 2792 1414 2841 G.
1443 2794 1578 2859 492).

662 2925 867 2977 Notitia
895 2925 960 2976 de
987 2927 1205 2977 homine
1234 2927 1541 2978 forbatudo.

248 3032 482 3094 Noticia,
539 3033 771 3104 qualiter
828 3047 880 3086 et
938 3037 1135 3107 quibus
1190 3038 1539 3108 presentibus
1587 3038 1834 3110 veniens}
1859 3039 2020 3090 homo

181 3119 348 3170 alicus
382 3140 580 3172 nomen
616 3121 707 3173 ille
754 3123 807 3172 in
843 3144 983 3195 pago
1030 3125 1142 3185 illo,
1184 3125 1238 3175 in
1275 3126 1393 3177 loeo
1437 3146 1540 3197 que
1575 3126 1774 3178 dieitur
1808 3127 1919 3189 ille,
1965 3128 2020 3178 in

236 3296 276 3351 a)
303 3297 396 3338 Lis.
427 3312 724 3352 comparasse
754 3299 963 3356 (aclieter)
990 3307 1043 3356 et,
1069 3299 1181 3358 plus
1206 3300 1305 3358 bas,
1335 3303 1606 3344 tradidisse.

239 3393 279 3433 1.
317 3391 436 3433 Huis
463 3399 503 3433 et
525 3393 663 3448 ζξοιιιί.
