2259 3692
1009 246 1291 295 —203-

229 395 326 446 per
383 374 727 446 largitionem
783 373 967 424 domni
1025 371 1233 423 Odonis
1289 372 1533 442 episcopi
1566 383 1753 422 tenere
1799 372 2064 423 videmur.

228 464 426 515 Notum
452 481 570 513 esse
592 461 837 512 volumus
865 460 1073 511 cunctis
1101 459 1509 510 successoribus
1538 460 1737 510 nostris
1765 470 1817 511 et
1844 460 2070 531 reliquis

229 550 552 602 Christianis
609 549 895 609 fidelibus,
957 547 1188 619 qualiter
1244 546 1455 597 cuidam
1512 547 1773 598 canonico
1831 550 2069 600 Sanctae-

226 638 427 699 Mariae,
466 638 683 688 nomine
710 636 978 697 Ardrado,
1009 647 1061 686 et
1096 635 1306 686 duobus
1341 634 1598 685 fratribus
1626 635 1735 686 suis
1771 636 2069 687 Benedicto

226 737 386 798 atque
419 725 792 798 Magenfrcdo,
831 724 1116 796 quamdam
1150 743 1327 774 aream
1365 723 1594 774 duorum
1633 723 2068 775 molendinorum

226 835 346 867 cum
391 815 523 886 ipsis
566 813 891 865 molendinis
937 813 1003 864 ab
1036 812 1251 863 Alcario
1290 831 1386 862 suo
1421 811 1684 863 avunculo
1720 813 2065 873 constructis,

227 904 603 955 consentiente
658 903 870 953 seniore
927 911 1114 953 nostro
1172 900 1389 961 Odone,
1446 920 1543 971 per
1600 920 1815 951 manum
1863 900 2069 952 firmam

227 991 552 1043 censualiter
580 989 946 1041 concedimus.
981 991 1076 1040 Est
1102 1000 1279 1040 autem
1312 989 1428 1059 ipsa
1463 1009 1585 1039 area
1620 989 1674 1039 in
1701 1008 1841 1061 pago
1871 990 2068 1040 Carno-

223 1080 358 1140 tino,
411 1099 573 1149 super
622 1077 840 1129 fluvium
889 1077 1184 1139 Auduram,
1238 1078 1293 1128 in
1341 1078 1460 1128 1000
1495 1078 1587 1148 qui
1636 1077 1833 1128 dicitur
1867 1078 2064 1139 Faliza,

225 1187 344 1219 cum
371 1188 478 1218 uno
506 1187 692 1218 manso
719 1166 784 1218 de
810 1177 954 1218 terra
982 1167 1073 1238 qui
1102 1169 1346 1237 conjacet
1379 1167 1433 1217 in
1467 1166 1602 1217 valle
1639 1167 1808 1217 sancti
1837 1168 2069 1219 Carauni

224 1267 277 1307 et
310 1256 364 1307 in
398 1256 502 1306 alio
529 1256 648 1306 loco
683 1256 775 1326 qui
803 1255 1000 1306 dicitur
1028 1276 1055 1306 a
1088 1256 1239 1326 Lupo
1266 1255 1447 1308 vulto.
1481 1258 1630 1306 Hanc
1656 1255 1838 1326 itaque
1866 1275 2063 1317 aream,

226 1364 346 1396 cum
381 1344 708 1395 molendinis
743 1355 795 1395 et
828 1343 1107 1414 praedicto
1134 1364 1320 1394 manso
1348 1344 1413 1395 de
1439 1354 1603 1405 terra,
1642 1344 1714 1395 ita
1741 1344 1817 1395 eis
1845 1343 1912 1395 ad
1940 1363 2067 1395 cen-

225 1452 340 1483 sum
368 1432 735 1492 concedimus,
767 1443 824 1482 ut
858 1431 1091 1503 desuper
1118 1432 1295 1483 securi
1321 1432 1575 1483 edificent
1601 1442 1672 1493 et,
1705 1433 1859 1483 annis
1887 1433 2066 1504 singu-

224 1522 308 1581 lis,
348 1521 401 1571 in
430 1520 717 1572 festivitate
752 1520 924 1571 sancti
959 1520 1211 1581 Carauni,
1245 1541 1380 1591 quae
1415 1531 1495 1571 est
1525 1523 1570 1574 V
1605 1521 1874 1572 Kalendas
1902 1522 2062 1591 junii,

224 1610 278 1660 in
312 1629 533 1660 censum
561 1608 764 1659 solidos
799 1610 845 1659 X
879 1608 1206 1678 persolvant.
1240 1609 1298 1660 Si
1333 1609 1528 1659 dehoc
1563 1609 1904 1681 negligentes
1931 1610 2066 1661 exti-

221 1698 407 1757 terint,
460 1697 706 1769 legaliter
754 1696 1070 1757 emendent,
1122 1707 1173 1747 et
1221 1696 1562 1748 molendinos
1612 1709 1664 1748 et
1709 1708 1909 1749 terram
1958 1719 2066 1750 non

222 1785 487 1856 perdant3
526 1796 606 1836 set
646 1786 882 1836 habeant
915 1785 1188 1836 licentiam
1214 1785 1486 1837 vendendi
1511 1786 1594 1837 vel
1628 1786 1792 1838 dandi
1827 1788 2065 1838 cuicum-

224 1894 327 1944 que
375 1873 678 1936 voluerint3
731 1873 803 1924 ita
848 1883 906 1924 ut
949 1873 1291 1924 venditiones
1337 1885 1390 1924 et
1436 1894 1630 1926 census
1680 1875 1746 1926 ad
1795 1876 2065 1927 seniorem

222 1961 558 2032 perveniant,
605 1962 791 2032 eisque
826 1961 1056 2032 amplius
1090 1982 1198 2013 non
1240 1963 1548 2033 requiratur
1589 1964 1644 2014 in
1683 1984 1923 2026 censum,
1961 1966 2066 2017 nisi

223 2049 368 2120 quod
424 2050 671 2120 superius
727 2061 808 2101 est
856 2050 1138 2101 insertum.
1194 2051 1460 2116 Quatinus
1510 2062 1688 2103 autem
1739 2053 1872 2104 haec
1921 2064 2066 2106 carta

224 2137 424 2188 firmior
459 2138 545 2198 sit,
588 2158 746 2188 manu
785 2139 1006 2209 propria
1042 2159 1157 2190 eam
1191 2139 1517 2191 firmavimus
1553 2151 1602 2192 et
1641 2141 1842 2192 seniori
1877 2153 2063 2193 nostro

220 2227 444 2296 ejusque
480 2225 731 2277 fidelibus
763 2227 1121 2278 roborandam
1157 2228 1471 2279 obtulimus.

292 2312 485 2364 Actum
521 2316 773 2365 Carnotc.
817 2316 1044 2387 Signum
1085 2316 1312 2378 OdoniS,
1349 2318 1635 2387 praesulis,
1687 2322 1741 2370 S.
1784 2320 2058 2391 Suggerii,

220 2401 428 2452 decani.
464 2404 519 2454 S.
560 2403 756 2463 Eirvei‚
803 2404 895 2474 qui
928 2405 1067 2455 hanc
1110 2415 1309 2456 cartam
1342 2405 1459 2456 fieri
1496 2406 1675 2475 jussit.
1719 2408 1774 2459 S.
1807 2407 1870 2459 A.
1908 2428 2062 2478 pres-

220 2488 399 2540 biteri.
435 2491 489 2541 S.
518 2491 581 2541 O.
607 2491 917 2561 presbiteri.
953 2493 1007 2543 S.
1036 2494 1095 2543 E.
1127 2493 1437 2562 presbiteri.
1479 2497 1534 2545 S.
1560 2494 1833 2556 XVidonis,
1865 2496 2055 2548 levitae.

221 2578 275 2628 S.
316 2577 376 2628 T.
415 2577 606 2629 levitae.
648 2580 702 2630 S.
737 2582 780 2631 J.
820 2579 1010 2631 levitam
1053 2583 1108 2633 S.
1150 2582 1214 2632 R.
1255 2583 1310 2633 S.
1351 2583 1416 2632 D.
1456 2583 1693 2652 majolis.

291 2666 425 2715 Data
455 2666 554 2716 IIII
585 2666 704 2717 idus
733 2668 856 2729 mai,
894 2688 1034 2719 anno
1072 2670 1197 2720 XIII
1234 2670 1388 2742 regni
1418 2671 1705 2722 (lhotharii
1738 2673 1900 2743 regis,
1935 2674 2059 2725 Gri-

216 2751 430 2803 muinus
464 2754 700 2825 scripsit,
732 2755 798 2807 ad
831 2756 1001 2808 vicem
1039 2758 1313 2830 Suggerii.

216 2983 280 3028 ΝΟ
311 2987 443 3034 139.
484 2984 740 3033 Donatz‘on
780 2984 930 3034 cl’zmc
969 2992 1102 3034 [erre
1143 2987 1373 3053 acquixe,
1416 3006 1507 3035 sur
1551 3006 1646 3037 unc
1689 2989 1822 3054 foret
1866 3013 1887 3035 «
1926 3009 2060 3039 com-

310 3081 459 3112 mune
490 3082 635 3130 »par
661 3064 1035 3130 (lefrichemenl
1061 3073 1108 3115 cl
1133 3066 1487 3118 (lelimilalion.
1522 3069 1640 3133 (An.
1670 3072 1958 3120 975-10019:

352 3218 460 3274 Pez,
491 3218 778 3266 Thesaurus
817 3220 1138 3280 novissimus,
1190 3223 1221 3279 I,
1253 3224 1298 3281 3,
1331 3228 1381 3270 eL
1419 3223 1560 3271 Mon.
1590 3224 1764 3272 Germ.
1797 3224 1913 3272 hist.

657 3301 829 3366 scrip.,
865 3303 938 3360 17,
969 3305 1080 3360 olo,
1113 3309 1162 3349 ct
1190 3303 1416 3362 Locrsch,
1449 3311 1502 3350 11Ο
1530 3305 1608 3351 79.

291 3455 431 3523 l’apo
475 3454 693 3513 etenim,
738 3454 887 3504 urbis
924 3456 1247 3525 praefectus,
1288 3457 1521 3510 oll'ercns
1564 3459 1848 3511 Liutolsum
1886 3459 2049 3511 lilium
