2259 3692
1083 158 1377 209 -208-

308 308 448 349 nem,
475 287 761 338 festivitate
789 286 961 336 sancti
988 285 1207 336 Martini
1235 286 1403 335 estivo
1429 294 1693 355 tempore,
1720 285 1975 336 studeant
1997 286 2156 337 nobis

310 396 528 427 censum
564 373 794 425 reddere
830 373 939 424 sive
979 373 1387 424 successoribus
1425 372 1657 433 nostris,
1705 372 1908 424 solidos
1951 373 2159 425 scilicet

309 465 423 516 XX.
456 474 508 514 et
543 463 619 514 eis
655 461 885 533 amplius
927 481 1036 512 non
1077 461 1425 532 requiratur3
1472 470 1524 511 et
1567 461 1610 511 si
1651 460 1717 512 de
1761 461 1951 512 eodem
1993 481 2158 513 censu

309 551 652 624 negligentes
680 560 769 602 aut
794 549 937 601 tardi
970 549 1176 622 reperti
1214 549 1435 610 suerint,
1479 548 1638 600 liceat
1672 549 1961 601 emendare
1995 550 2072 601 eis
2107 560 2159 601 et

310 639 456 712 quod
503 639 782 691 tenuerint
830 658 939 690 non
988 638 1247 710 perdant,
1303 648 1355 689 et
1401 637 1562 689 liceat
1611 637 1719 699 015,
1772 637 1816 688 51
1863 639 2158 690 necessitas

310 729 491 790 suerit,
532 728 679 790 dare,
717 727 953 779 vendere
994 726 1329 798 praedictam
1368 736 1568 777 terram
1611 726 1932 798 cuicumque
1971 726 2158 778 volue-

308 817 436 879 rint,
465 827 645 868 tamen
672 816 817 867 salvo
838 818 960 887 jure
987 814 1401 866 ecclesiastico¹.
1434 817 1561 867 Post
1589 835 1775 866 eorum
1803 835 2019 886 quoque
2046 816 2156 866 obi-

308 916 450 967 tum,
504 905 778 956 licentiam
826 905 1064 955 habeant
1111 904 1203 955 uni
1252 914 1460 955 tantum
1509 903 1727 964 heredi,
1779 923 1938 974 quem
1986 906 2156 975 majus

309 994 594 1067 elegerint,
642 992 970 1044 dimittendi.
1027 994 1098 1045 Ut
1136 1003 1312 1044 autem
1350 992 1483 1044 haec
1518 992 1810 1043 auctoritas
1842 1003 2157 1063 permaneat

309 1081 623 1134 inconvulsa
684 1092 736 1132 et
796 1080 1125 1132 inviolabilis
1186 1081 1387 1132 nostris
1435 1081 1775 1152 temporibus
1826 1091 1878 1131 et
1926 1080 2150 1132 futuris.

308 1170 529 1243 propria
569 1169 818 1220 manibus
851 1169 1240 1220 monachorum
1276 1169 1632 1220 corroborare
1669 1169 1948 1239 jussimus.
1996 1171 2052 1221 S.
2095 1172 2150 1221 S.

308 1258 525 1330 prioris‘
567 1259 623 1310 S.
656 1259 748 1326 (11
781 1259 970 1327 noms).

312 1537 376 1583 ΝΟ
407 1542 538 1588 143.
584 1536 775 1586 Charte
814 1536 876 1586 cle
912 1537 1153 1588 clonatz’on
1192 1557 1297 1606 par
1340 1557 1436 1589 une
1475 1541 1666 1606 semme
1707 1540 1817 1608 qui)
1858 1559 1920 1590 en
1959 1558 2012 1590 se
2049 1559 2158 1590 ma-

377 1619 531 1680 riani,
560 1636 588 1667 a
621 1619 739 1684 pris
779 1640 801 1664 «
834 1618 880 1667 Ia,
909 1619 975 1668 Ioi
1004 1641 1024 1665 »
1076 1619 1136 1669 cle
1162 1639 1253 1669 son
1300 1621 1449 1670 mari.
1502 1621 1892 1671 De'laissement.
1923 1623 2152 1671 FormeS.

379 1700 497 1764 (An.
536 1701 649 1759 988,
680 1703 742 1748 26
767 1700 908 1765 mai.)

627 1878 675 1926 J.
704 1878 902 1938 Ficker,
935 1878 1063 1928 Urk.
1093 1879 1203 1928 Ital.
1236 1880 1332 1929 Bd.
1361 1881 1449 1940 IV,
1481 1889 1534 1929 n⁰
1566 1881 1644 1940 34,
1676 1899 1726 1947 p,
1754 1881 1835 1929 49.

386 2059 581 2122 [Anno]
610 2057 675 2108 ab
702 2057 1093 2110 incarnationis
1130 2059 1334 2110 domini
1369 2061 1542 2112 nostri
1576 2062 1696 2111 Iesu
1725 2060 1930 2112 Christi
1956 2079 2156 2131 nogen-

310 2146 510 2196 teximo
546 2147 920 2217 octuageximo
971 2157 1177 2209 octavo,
1221 2149 1450 2218 septimo
1486 2148 1757 2199 Kalendas
1791 2148 1945 2208 iunii,
1990 2147 2156 2198 indie-

311 2234 459 2283 tione
508 2234 701 2304 prima,
755 2235 1033 2306 episcopio
1077 2246 1260 2287 sancte
1319 2237 1702 2288 Cremonensis
1755 2235 2002 2287 ecclesie.
2048 2236 2157 2287 Nos

315 2320 621 2372 (landulfus
664 2341 863 2384 comes,
917 2323 1059 2374 filius
1109 2325 1251 2375 bone
1294 2325 1552 2375 memorie
1600 2323 1868 2395 Riprandi
1921 2324 2158 2394 itemque

314 2430 513 2471 eomeS,
561 2420 613 2460 et
663 2411 1035 2484 Ermengarda
1087 2413 1379 2474 comitissa,
1420 2412 1527 2464 filia
1579 2412 1850 2484 quondam
1898 2413 2155 2473 wiberti,

313 2498 585 2570 iugalibus
628 2519 720 2550 seu
755 2500 1069 2571 Riprandus
1115 2510 1167 2551 et
1207 2501 1510 2555 VVilbertus
1552 2501 1778 2552 iermani
1821 2500 1917 2552 filii
1973 2520 2160 2552 eorum

314 2586 586 2658 iugalibus
625 2608 634 2637 :
674 2588 767 2658 qui
800 2588 1044 2659 professa
1093 2609 1209 2640 sum
1260 2609 1361 2661 ego
1403 2590 1520 2660 ipsa
1563 2588 1936 2662 Ermengarda
1989 2609 2158 2639 come-

313 2675 443 2725 tissa
487 2695 551 2726 ex
598 2677 826 2727 nacione
868 2697 984 2728 mea
1026 2676 1201 2749 legem
1241 2678 1421 2729 vivere
1468 2678 1706 2737 Solicha,
1754 2687 1834 2728 set
1875 2697 2019 2728 nunc
2061 2696 2159 2747 pro

315 2763 433 2833 ipso
477 2764 592 2813 viro
638 2783 757 2814 meo
808 2764 983 2835 legem
1030 2766 1211 2816 vivere
1245 2765 1432 2816 videor
1475 2765 1956 2836 Langobardorum
1995 2785 2003 2813 :
2044 2765 2158 2835 ipse

315 2869 545 2921 namque
596 2851 902 2903 Gandulfus
953 2873 1130 2903 comes
1173 2853 1366 2922 iugalis
1416 2863 1467 2903 et
1521 2852 1849 2903 mundoaldo
1900 2872 2017 2903 meo
2073 2852 2158 2902 eui

317 2958 479 3008 supra
506 2940 877 3010 Ermengarde
913 2950 965 2990 et
999 2941 1196 2991 ienitor
1238 2951 1423 2991 noster
1465 2942 1570 3006 [cui
1606 2961 1766 3011 supra
1803 2940 2066 3011 Riprandi
2108 2949 2161 2990 et

317 3025 573 3091 wiberti]
609 3029 994 3078 consenciente
1035 3038 1085 3078 et
1122 3029 1307 3079 subter
1337 3028 1721 3091 confirmante3
1754 3038 1805 3079 et
1838 3029 1976 3079 iusta
2012 3028 2159 3099 capi-

317 3113 489 3164 tulare
511 3115 1011 3187 Langobardorum,
1038 3117 1092 3167 in
1121 3136 1224 3187 qua
1251 3116 1391 3167 inter
1419 3127 1597 3168 cetera
1618 3117 1898 3168 continere
1923 3115 2155 3176 videtur,

317 3211 376 3252 ut
399 3202 539 3253 sicut
564 3202 757 3254 mulier
785 3223 904 3255 cum
931 3205 1047 3255 viro
1068 3224 1163 3255 5110
1193 3205 1315 3256 abet
1334 3215 1659 3275 potestatem
1685 3225 1771 3256 res
1798 3224 1920 3256 suas
1944 3222 2159 3255 venum-

377 3381 414 3420 1.
454 3381 500 3420 Je
527 3379 825 3437 comprends:
852 3382 1014 3436 sauss}
1039 3396 1181 3440 payer
1208 3381 1244 3424 le
1272 3398 1374 3424 cens
1401 3383 1427 3424 (ὶ
1456 3381 1681 3439 l'abbaye.
