<?xml version="1.0" encoding="UTF-8"?>
<!DOCTYPE html PUBLIC "-//W3C//DTD XHTML 1.0 Transitional//EN"
    "http://www.w3.org/TR/xhtml1/DTD/xhtml1-transitional.dtd">
<html xmlns="http://www.w3.org/1999/xhtml" xml:lang="en" lang="en">
 <head>
  <title>
</title>
<meta http-equiv="Content-Type" content="text/html;charset=utf-8" />
  <meta name='ocr-system' content='tesseract 3.04.00' />
  <meta name='ocr-capabilities' content='ocr_page ocr_carea ocr_par ocr_line ocrx_word'/>
</head>
<body>
  <div class='ocr_page' id='page_1' title='image "./textesrelatifsau00thuoft_0226.png"; bbox 0 0 2259 3692; ppageno 0'>
   <div class='ocr_carea' id='block_1_1' title="bbox 1039 268 1333 318">
    <p class='ocr_par' dir='ltr' id='par_1_1' title="bbox 1039 268 1333 318">
     <span class='ocr_line' id='line_1_1' title="bbox 1039 268 1333 318; baseline -0.007 0"><span class='ocrx_word' id='word_1_1' title='bbox 1039 268 1333 318; x_wconf 71' lang='lat'>—202—</span> 
     </span>
    </p>
   </div>
   <div class='ocr_carea' id='block_1_2' title="bbox 256 394 2114 2150">
    <p class='ocr_par' dir='ltr' id='par_1_2' title="bbox 256 394 2114 1973">
     <span class='ocr_line' id='line_1_2' title="bbox 258 394 2104 459; baseline 0.001 -12"><span class='ocrx_word' id='word_1_2' title='bbox 258 396 476 447; x_wconf 83' lang='lat' dir='ltr'><strong>fecisset</strong></span> <span class='ocrx_word' id='word_1_3' title='bbox 503 394 570 446; x_wconf 88' lang='lat' dir='ltr'>ad</span> <span class='ocrx_word' id='word_1_4' title='bbox 603 413 786 445; x_wconf 86' lang='lat' dir='ltr'>servos</span> <span class='ocrx_word' id='word_1_5' title='bbox 821 394 995 445; x_wconf 84' lang='lat' dir='ltr'>sancti</span> <span class='ocrx_word' id='word_1_6' title='bbox 1028 394 1283 454; x_wconf 83' lang='lat' dir='ltr'>Victoris,</span> <span class='ocrx_word' id='word_1_7' title='bbox 1314 394 1419 445; x_wconf 93' lang='lat' dir='ltr'>hoc</span> <span class='ocrx_word' id='word_1_8' title='bbox 1457 404 1583 445; x_wconf 88' lang='lat' dir='ltr'>sunt</span> <span class='ocrx_word' id='word_1_9' title='bbox 1616 396 1884 458; x_wconf 88' lang='lat' dir='ltr'>homines,</span> <span class='ocrx_word' id='word_1_10' title='bbox 1924 399 2104 459; x_wconf 86' lang='lat' dir='ltr'>Letus,</span> 
     </span>
     <span class='ocr_line' id='line_1_3' title="bbox 256 481 2111 557; baseline 0.001 -22"><span class='ocrx_word' id='word_1_11' title='bbox 256 484 511 543; x_wconf 82' lang='lat' dir='ltr'>Avustus,</span> <span class='ocrx_word' id='word_1_12' title='bbox 551 481 832 543; x_wconf 89' lang='lat' dir='ltr'>Faraldus,</span> <span class='ocrx_word' id='word_1_13' title='bbox 870 481 1183 544; x_wconf 74' lang='lat' dir='ltr'>Udull²icus‚</span> <span class='ocrx_word' id='word_1_14' title='bbox 1225 482 1599 546; x_wconf 81' lang='lat' dir='ltr'>Castellanus3</span> <span class='ocrx_word' id='word_1_15' title='bbox 1638 483 1714 535; x_wconf 88' lang='lat' dir='ltr'>ibi</span> <span class='ocrx_word' id='word_1_16' title='bbox 1753 483 1894 536; x_wconf 90' lang='lat' dir='ltr'>fuint</span> <span class='ocrx_word' id='word_1_17' title='bbox 1928 485 2111 557; x_wconf 79' lang='lat' dir='ltr'>adepti</span> 
     </span>
     <span class='ocr_line' id='line_1_4' title="bbox 259 571 2106 645; baseline 0.001 -22"><span class='ocrx_word' id='word_1_18' title='bbox 259 572 350 644; x_wconf 88' lang='lat' dir='ltr'>qui</span> <span class='ocrx_word' id='word_1_19' title='bbox 370 571 558 622; x_wconf 87' lang='lat' dir='ltr'>volunt</span> <span class='ocrx_word' id='word_1_20' title='bbox 580 573 784 642; x_wconf 87' lang='lat' dir='ltr'>jurare,</span> <span class='ocrx_word' id='word_1_21' title='bbox 816 581 868 622; x_wconf 89' lang='lat' dir='ltr'>et</span> <span class='ocrx_word' id='word_1_22' title='bbox 893 582 1214 642; x_wconf 87' lang='lat' dir='ltr'>perportare</span> <span class='ocrx_word' id='word_1_23' title='bbox 1241 571 1386 642; x_wconf 88' lang='lat' dir='ltr'>ipsas</span> <span class='ocrx_word' id='word_1_24' title='bbox 1405 571 1588 622; x_wconf 87' lang='lat' dir='ltr'>vineas</span> <span class='ocrx_word' id='word_1_25' title='bbox 1615 582 1668 623; x_wconf 91' lang='lat' dir='ltr'>et</span> <span class='ocrx_word' id='word_1_26' title='bbox 1694 572 1841 643; x_wconf 89' lang='lat' dir='ltr'>ipsos</span> <span class='ocrx_word' id='word_1_27' title='bbox 1868 594 2106 645; x_wconf 82' lang='lat' dir='ltr'>campos,</span> 
     </span>
     <span class='ocr_line' id='line_1_5' title="bbox 259 659 2110 734; baseline 0.002 -23"><span class='ocrx_word' id='word_1_28' title='bbox 259 660 406 732; x_wconf 87' lang='lat' dir='ltr'>quod</span> <span class='ocrx_word' id='word_1_29' title='bbox 449 659 641 711; x_wconf 89' lang='lat' dir='ltr'>melius</span> <span class='ocrx_word' id='word_1_30' title='bbox 686 659 762 710; x_wconf 88' lang='lat' dir='ltr'>eis</span> <span class='ocrx_word' id='word_1_31' title='bbox 808 659 1127 711; x_wconf 77' lang='lat' dir='ltr'>succederet</span> <span class='ocrx_word' id='word_1_32' title='bbox 1161 680 1225 710; x_wconf 86' lang='lat' dir='ltr'>ex</span> <span class='ocrx_word' id='word_1_33' title='bbox 1257 670 1411 731; x_wconf 85' lang='lat' dir='ltr'>parte</span> <span class='ocrx_word' id='word_1_34' title='bbox 1454 660 1627 710; x_wconf 87' lang='lat' dir='ltr'>sancti</span> <span class='ocrx_word' id='word_1_35' title='bbox 1673 661 1910 714; x_wconf 87' lang='lat' dir='ltr'>Victoris</span> <span class='ocrx_word' id='word_1_36' title='bbox 1951 683 2110 734; x_wconf 86' lang='lat' dir='ltr'>quam</span> 
     </span>
     <span class='ocr_line' id='line_1_6' title="bbox 258 747 2112 821; baseline 0.001 -21"><span class='ocrx_word' id='word_1_37' title='bbox 258 749 364 821; x_wconf 85' lang='lat' dir='ltr'>ipsi</span> <span class='ocrx_word' id='word_1_38' title='bbox 411 749 659 800; x_wconf 87' lang='lat' dir='ltr'>homines</span> <span class='ocrx_word' id='word_1_39' title='bbox 713 748 780 800; x_wconf 88' lang='lat' dir='ltr'>ad</span> <span class='ocrx_word' id='word_1_40' title='bbox 825 747 1124 799; x_wconf 86' lang='lat' dir='ltr'>tenendum</span> <span class='ocrx_word' id='word_1_41' title='bbox 1180 759 1406 819; x_wconf 90' lang='lat' dir='ltr'>propter</span> <span class='ocrx_word' id='word_1_42' title='bbox 1450 768 1662 799; x_wconf 86' lang='lat' dir='ltr'>causam</span> <span class='ocrx_word' id='word_1_43' title='bbox 1712 749 1903 800; x_wconf 86' lang='lat' dir='ltr'>alodis.</span> <span class='ocrx_word' id='word_1_44' title='bbox 1952 751 2112 817; x_wconf 85' lang='lat' dir='ltr'>Quod</span> 
     </span>
     <span class='ocr_line' id='line_1_7' title="bbox 258 836 2112 909; baseline 0 -19"><span class='ocrx_word' id='word_1_45' title='bbox 258 838 429 890; x_wconf 87' lang='lat' dir='ltr'>eciam</span> <span class='ocrx_word' id='word_1_46' title='bbox 454 837 743 908; x_wconf 89' lang='lat' dir='ltr'>episcopus</span> <span class='ocrx_word' id='word_1_47' title='bbox 769 848 989 908; x_wconf 87' lang='lat' dir='ltr'>paratus</span> <span class='ocrx_word' id='word_1_48' title='bbox 1010 836 1127 888; x_wconf 87' lang='lat' dir='ltr'>suit.</span> <span class='ocrx_word' id='word_1_49' title='bbox 1152 837 1415 891; x_wconf 87' lang='lat' dir='ltr'>Videntes</span> <span class='ocrx_word' id='word_1_50' title='bbox 1442 857 1572 909; x_wconf 81' lang='lat' dir='ltr'>ergo</span> <span class='ocrx_word' id='word_1_51' title='bbox 1601 837 1838 909; x_wconf 77' lang='lat' dir='ltr'>predicti</span> <span class='ocrx_word' id='word_1_52' title='bbox 1864 838 2112 890; x_wconf 87' lang='lat' dir='ltr'>homines</span> 
     </span>
     <span class='ocr_line' id='line_1_8' title="bbox 260 924 2114 999; baseline 0 -21"><span class='ocrx_word' id='word_1_53' title='bbox 260 925 589 979; x_wconf 87' lang='lat' dir='ltr'>Garibaldus</span> <span class='ocrx_word' id='word_1_54' title='bbox 622 936 675 976; x_wconf 91' lang='lat' dir='ltr'>et</span> <span class='ocrx_word' id='word_1_55' title='bbox 708 924 1052 977; x_wconf 81' lang='lat' dir='ltr'>Avonancius</span> <span class='ocrx_word' id='word_1_56' title='bbox 1087 936 1139 977; x_wconf 90' lang='lat' dir='ltr'>et</span> <span class='ocrx_word' id='word_1_57' title='bbox 1181 925 1412 977; x_wconf 87' lang='lat' dir='ltr'>heredes</span> <span class='ocrx_word' id='word_1_58' title='bbox 1455 925 1692 986; x_wconf 89' lang='lat' dir='ltr'>illorum,</span> <span class='ocrx_word' id='word_1_59' title='bbox 1726 946 1781 977; x_wconf 90' lang='lat' dir='ltr'>se</span> <span class='ocrx_word' id='word_1_60' title='bbox 1815 946 2114 999; x_wconf 77' lang='lat' dir='ltr'>recognos-</span> 
     </span>
     <span class='ocr_line' id='line_1_9' title="bbox 259 1013 2112 1085; baseline 0 -19"><span class='ocrx_word' id='word_1_61' title='bbox 259 1016 454 1067; x_wconf 78' lang='lat' dir='ltr'>cebant</span> <span class='ocrx_word' id='word_1_62' title='bbox 488 1014 612 1085; x_wconf 86' lang='lat' dir='ltr'>quia</span> <span class='ocrx_word' id='word_1_63' title='bbox 655 1014 863 1064; x_wconf 88' lang='lat' dir='ltr'>nullum</span> <span class='ocrx_word' id='word_1_64' title='bbox 898 1013 1163 1065; x_wconf 88' lang='lat' dir='ltr'>directum</span> <span class='ocrx_word' id='word_1_65' title='bbox 1197 1034 1306 1064; x_wconf 92' lang='lat' dir='ltr'>non</span> <span class='ocrx_word' id='word_1_66' title='bbox 1341 1015 1616 1065; x_wconf 86' lang='lat' dir='ltr'>habebant</span> <span class='ocrx_word' id='word_1_67' title='bbox 1660 1014 1725 1065; x_wconf 90' lang='lat' dir='ltr'>de</span> <span class='ocrx_word' id='word_1_68' title='bbox 1773 1013 1905 1085; x_wconf 82' lang='lat' dir='ltr'>ipsis</span> <span class='ocrx_word' id='word_1_69' title='bbox 1939 1015 2112 1066; x_wconf 78' lang='lat' dir='ltr'>vineis</span> 
     </span>
     <span class='ocr_line' id='line_1_10' title="bbox 259 1103 2106 1175; baseline 0 -21"><span class='ocrx_word' id='word_1_70' title='bbox 259 1114 310 1155; x_wconf 91' lang='lat' dir='ltr'>et</span> <span class='ocrx_word' id='word_1_71' title='bbox 356 1103 421 1154; x_wconf 90' lang='lat' dir='ltr'>de</span> <span class='ocrx_word' id='word_1_72' title='bbox 468 1103 600 1174; x_wconf 86' lang='lat' dir='ltr'>ipsis</span> <span class='ocrx_word' id='word_1_73' title='bbox 654 1103 882 1173; x_wconf 86' lang='lat' dir='ltr'>campis,</span> <span class='ocrx_word' id='word_1_74' title='bbox 933 1113 985 1153; x_wconf 88' lang='lat' dir='ltr'>et</span> <span class='ocrx_word' id='word_1_75' title='bbox 1026 1123 1081 1153; x_wconf 93' lang='lat' dir='ltr'>se</span> <span class='ocrx_word' id='word_1_76' title='bbox 1130 1103 1488 1175; x_wconf 75' lang='lat' dir='ltr'>guerpierunt</span> <span class='ocrx_word' id='word_1_77' title='bbox 1534 1114 1586 1154; x_wconf 88' lang='lat' dir='ltr'>et</span> <span class='ocrx_word' id='word_1_78' title='bbox 1632 1104 2106 1174; x_wconf 86' lang='lat' dir='ltr'>instipulaverunt,</span> 
     </span>
     <span class='ocr_line' id='line_1_11' title="bbox 259 1190 2111 1263; baseline 0 -20"><span class='ocrx_word' id='word_1_79' title='bbox 259 1203 311 1244; x_wconf 91' lang='lat' dir='ltr'>et</span> <span class='ocrx_word' id='word_1_80' title='bbox 371 1193 426 1243; x_wconf 89' lang='lat' dir='ltr'>in</span> <span class='ocrx_word' id='word_1_81' title='bbox 486 1202 632 1242; x_wconf 90' lang='lat' dir='ltr'>terra</span> <span class='ocrx_word' id='word_1_82' title='bbox 686 1193 953 1262; x_wconf 87' lang='lat' dir='ltr'>jactantes</span> <span class='ocrx_word' id='word_1_83' title='bbox 999 1193 1339 1262; x_wconf 77' lang='lat' dir='ltr'>jactaverunt</span> <span class='ocrx_word' id='word_1_84' title='bbox 1389 1202 1441 1241; x_wconf 89' lang='lat' dir='ltr'>et</span> <span class='ocrx_word' id='word_1_85' title='bbox 1490 1190 1904 1254; x_wconf 87' lang='lat' dir='ltr'>calcaverunt¹;</span> <span class='ocrx_word' id='word_1_86' title='bbox 1964 1192 2111 1263; x_wconf 89' lang='lat' dir='ltr'>quod</span> 
     </span>
     <span class='ocr_line' id='line_1_12' title="bbox 258 1278 2111 1351; baseline -0.001 -19"><span class='ocrx_word' id='word_1_87' title='bbox 258 1282 330 1332; x_wconf 88' lang='lat' dir='ltr'>ita</span> <span class='ocrx_word' id='word_1_88' title='bbox 372 1291 424 1332; x_wconf 91' lang='lat' dir='ltr'>et</span> <span class='ocrx_word' id='word_1_89' title='bbox 458 1279 722 1331; x_wconf 88' lang='lat' dir='ltr'>fecerunt.</span> <span class='ocrx_word' id='word_1_90' title='bbox 772 1281 838 1330; x_wconf 91' lang='lat' dir='ltr'>Et</span> <span class='ocrx_word' id='word_1_91' title='bbox 873 1280 987 1345; x_wconf 82' lang='lat' dir='ltr'>si[c]</span> <span class='ocrx_word' id='word_1_92' title='bbox 1034 1279 1249 1351; x_wconf 82' lang='lat' dir='ltr'>legibus</span> <span class='ocrx_word' id='word_1_93' title='bbox 1292 1279 1491 1330; x_wconf 87' lang='lat' dir='ltr'>sactum</span> <span class='ocrx_word' id='word_1_94' title='bbox 1532 1290 1584 1330; x_wconf 91' lang='lat' dir='ltr'>et</span> <span class='ocrx_word' id='word_1_95' title='bbox 1619 1278 1903 1331; x_wconf 84' lang='lat' dir='ltr'>diffinitam</span> <span class='ocrx_word' id='word_1_96' title='bbox 1944 1280 2111 1330; x_wconf 84' lang='lat' dir='ltr'>habui</span> 
     </span>
     <span class='ocr_line' id='line_1_13' title="bbox 260 1367 2112 1441; baseline -0.001 -20"><span class='ocrx_word' id='word_1_97' title='bbox 260 1369 492 1441; x_wconf 81' lang='lat' dir='ltr'>qualiter</span> <span class='ocrx_word' id='word_1_98' title='bbox 534 1368 619 1420; x_wconf 80' lang='lat' dir='ltr'>lex</span> <span class='ocrx_word' id='word_1_99' title='bbox 663 1367 920 1419; x_wconf 70' lang='lat' dir='ltr'>romana2</span> <span class='ocrx_word' id='word_1_100' title='bbox 969 1378 1317 1427; x_wconf 87' lang='lat' dir='ltr'>comemorat,</span> <span class='ocrx_word' id='word_1_101' title='bbox 1371 1368 1634 1439; x_wconf 85' lang='lat' dir='ltr'>quicquid</span> <span class='ocrx_word' id='word_1_102' title='bbox 1674 1368 1729 1418; x_wconf 90' lang='lat' dir='ltr'>in</span> <span class='ocrx_word' id='word_1_103' title='bbox 1763 1369 2112 1439; x_wconf 86' lang='lat' dir='ltr'>presentibus</span> 
     </span>
     <span class='ocr_line' id='line_1_14' title="bbox 258 1456 2112 1530; baseline -0.001 -21"><span class='ocrx_word' id='word_1_104' title='bbox 258 1457 505 1530; x_wconf 85' lang='lat' dir='ltr'>partibus</span> <span class='ocrx_word' id='word_1_105' title='bbox 555 1456 718 1508; x_wconf 88' lang='lat' dir='ltr'>suerit</span> <span class='ocrx_word' id='word_1_106' title='bbox 766 1456 1075 1507; x_wconf 87' lang='lat' dir='ltr'>ordinatum</span> <span class='ocrx_word' id='word_1_107' title='bbox 1119 1456 1344 1508; x_wconf 86' lang='lat' dir='ltr'>habebit</span> <span class='ocrx_word' id='word_1_108' title='bbox 1385 1456 1756 1528; x_wconf 83' lang='lat' dir='ltr'>plenissimam</span> <span class='ocrx_word' id='word_1_109' title='bbox 1804 1456 2112 1508; x_wconf 87' lang='lat' dir='ltr'>firmitatem</span> 
     </span>
     <span class='ocr_line' id='line_1_15' title="bbox 257 1544 2112 1617; baseline -0.001 -18"><span class='ocrx_word' id='word_1_110' title='bbox 257 1567 357 1599; x_wconf 91' lang='lat' dir='ltr'>nec</span> <span class='ocrx_word' id='word_1_111' title='bbox 390 1546 592 1617; x_wconf 87' lang='lat' dir='ltr'>poterit</span> <span class='ocrx_word' id='word_1_112' title='bbox 619 1545 909 1596; x_wconf 87' lang='lat' dir='ltr'>immutari.</span> <span class='ocrx_word' id='word_1_113' title='bbox 942 1544 1137 1597; x_wconf 80' lang='lat' dir='ltr'>Actum</span> <span class='ocrx_word' id='word_1_114' title='bbox 1172 1545 1290 1606; x_wconf 82' lang='lat' dir='ltr'>suit,</span> <span class='ocrx_word' id='word_1_115' title='bbox 1321 1545 1376 1596; x_wconf 88' lang='lat' dir='ltr'>in</span> <span class='ocrx_word' id='word_1_116' title='bbox 1402 1545 1619 1596; x_wconf 80' lang='lat' dir='ltr'>Arelate</span> <span class='ocrx_word' id='word_1_117' title='bbox 1647 1545 1860 1596; x_wconf 83' lang='lat' dir='ltr'>civitate</span> <span class='ocrx_word' id='word_1_118' title='bbox 1893 1545 2112 1616; x_wconf 87' lang='lat' dir='ltr'>publice</span> 
     </span>
     <span class='ocr_line' id='line_1_16' title="bbox 261 1634 2112 1706; baseline -0.001 -20"><span class='ocrx_word' id='word_1_119' title='bbox 261 1655 491 1706; x_wconf 84' lang='lat' dir='ltr'>quorum</span> <span class='ocrx_word' id='word_1_120' title='bbox 527 1634 974 1685; x_wconf 85' lang='lat' dir='ltr'>corroboratione</span> <span class='ocrx_word' id='word_1_121' title='bbox 1008 1645 1060 1685; x_wconf 92' lang='lat' dir='ltr'>et</span> <span class='ocrx_word' id='word_1_122' title='bbox 1102 1634 1383 1706; x_wconf 81' lang='lat' dir='ltr'>signaculo</span> <span class='ocrx_word' id='word_1_123' title='bbox 1425 1635 1611 1685; x_wconf 84' lang='lat' dir='ltr'>subter</span> <span class='ocrx_word' id='word_1_124' title='bbox 1644 1644 1900 1685; x_wconf 87' lang='lat' dir='ltr'>tenentur</span> <span class='ocrx_word' id='word_1_125' title='bbox 1937 1634 2112 1685; x_wconf 87' lang='lat' dir='ltr'>inser-</span> 
     </span>
     <span class='ocr_line' id='line_1_17' title="bbox 257 1722 2110 1794; baseline -0.001 -19"><span class='ocrx_word' id='word_1_126' title='bbox 257 1735 390 1775; x_wconf 88' lang='lat' dir='ltr'>tum.</span> <span class='ocrx_word' id='word_1_127' title='bbox 454 1723 740 1794; x_wconf 79' lang='lat' dir='ltr'>Propteria</span> <span class='ocrx_word' id='word_1_128' title='bbox 795 1733 1125 1794; x_wconf 87' lang='lat' dir='ltr'>oportunum</span> <span class='ocrx_word' id='word_1_129' title='bbox 1182 1723 1282 1774; x_wconf 87' lang='lat' dir='ltr'>suit</span> <span class='ocrx_word' id='word_1_130' title='bbox 1337 1726 1646 1773; x_wconf 85' lang='lat' dir='ltr'>Honoratus</span> <span class='ocrx_word' id='word_1_131' title='bbox 1709 1722 1998 1794; x_wconf 85' lang='lat' dir='ltr'>episcopus</span> <span class='ocrx_word' id='word_1_132' title='bbox 2054 1733 2110 1773; x_wconf 87' lang='lat' dir='ltr'>ut</span> 
     </span>
     <span class='ocr_line' id='line_1_18' title="bbox 258 1810 2109 1884; baseline -0.001 -21"><span class='ocrx_word' id='word_1_133' title='bbox 258 1812 459 1864; x_wconf 89' lang='lat' dir='ltr'>noticia</span> <span class='ocrx_word' id='word_1_134' title='bbox 485 1812 844 1884; x_wconf 82' lang='lat' dir='ltr'>guirpicionis</span> <span class='ocrx_word' id='word_1_135' title='bbox 870 1812 953 1863; x_wconf 80' lang='lat' dir='ltr'>vel</span> <span class='ocrx_word' id='word_1_136' title='bbox 982 1810 1323 1863; x_wconf 85' lang='lat' dir='ltr'>diffinitionis</span> <span class='ocrx_word' id='word_1_137' title='bbox 1348 1811 1697 1863; x_wconf 81' lang='lat' dir='ltr'>conscribere</span> <span class='ocrx_word' id='word_1_138' title='bbox 1716 1811 1798 1862; x_wconf 84' lang='lat' dir='ltr'>vel</span> <span class='ocrx_word' id='word_1_139' title='bbox 1827 1811 2109 1862; x_wconf 81' lang='lat' dir='ltr'>adfirmare</span> 
     </span>
     <span class='ocr_line' id='line_1_19' title="bbox 259 1900 1096 1973; baseline -0.001 -21"><span class='ocrx_word' id='word_1_140' title='bbox 259 1921 515 1973; x_wconf 78' lang='lat' dir='ltr'>rogasse3</span> <span class='ocrx_word' id='word_1_141' title='bbox 548 1900 731 1972; x_wconf 82' lang='lat' dir='ltr'>quo[d]</span> <span class='ocrx_word' id='word_1_142' title='bbox 759 1901 830 1951; x_wconf 88' lang='lat' dir='ltr'>ita</span> <span class='ocrx_word' id='word_1_143' title='bbox 866 1911 918 1951; x_wconf 88' lang='lat' dir='ltr'>et</span> <span class='ocrx_word' id='word_1_144' title='bbox 953 1900 1096 1952; x_wconf 87' lang='lat' dir='ltr'>fecit.</span> 
     </span>
    </p>

    <p class='ocr_par' dir='ltr' id='par_1_3' title="bbox 259 1989 2107 2150">
     <span class='ocr_line' id='line_1_20' title="bbox 331 1989 2107 2060; baseline -0.001 -19"><span class='ocrx_word' id='word_1_145' title='bbox 331 1991 491 2041; x_wconf 89' lang='lat' dir='ltr'>Facta</span> <span class='ocrx_word' id='word_1_146' title='bbox 533 1989 733 2040; x_wconf 79' lang='lat' dir='ltr'>noticia</span> <span class='ocrx_word' id='word_1_147' title='bbox 768 1989 869 2040; x_wconf 91' lang='lat' dir='ltr'>ista</span> <span class='ocrx_word' id='word_1_148' title='bbox 902 1990 1028 2041; x_wconf 86' lang='lat' dir='ltr'>XIII</span> <span class='ocrx_word' id='word_1_149' title='bbox 1074 1989 1345 2040; x_wconf 82' lang='lat' dir='ltr'>Kalendas</span> <span class='ocrx_word' id='word_1_150' title='bbox 1372 1989 1716 2060; x_wconf 85' lang='lat' dir='ltr'>septembris,</span> <span class='ocrx_word' id='word_1_151' title='bbox 1754 2008 1895 2039; x_wconf 88' lang='lat' dir='ltr'>anno</span> <span class='ocrx_word' id='word_1_152' title='bbox 1936 1989 2107 2039; x_wconf 87' lang='lat' dir='ltr'>XXXI</span> 
     </span>
     <span class='ocr_line' id='line_1_21' title="bbox 259 2076 2011 2150; baseline -0.001 -21"><span class='ocrx_word' id='word_1_153' title='bbox 259 2088 522 2150; x_wconf 73' lang='lat' dir='ltr'>regnante</span> <span class='ocrx_word' id='word_1_154' title='bbox 559 2078 831 2138; x_wconf 68' lang='lat' dir='ltr'>Conrado,</span> <span class='ocrx_word' id='word_1_155' title='bbox 871 2098 999 2150; x_wconf 76' lang='lat' dir='ltr'>rege</span> <span class='ocrx_word' id='word_1_156' title='bbox 1026 2076 1449 2129; x_wconf 79' lang='lat' dir='ltr'>Alamannorum</span> <span class='ocrx_word' id='word_1_157' title='bbox 1476 2078 1558 2128; x_wconf 84' lang='lat' dir='ltr'>vel</span> <span class='ocrx_word' id='word_1_158' title='bbox 1587 2077 2011 2129; x_wconf 88' lang='lat' dir='ltr'>Provinciarum.</span> 
     </span>
    </p>
   </div>
   <div class='ocr_carea' id='block_1_3' title="bbox 260 2311 2106 2459">
    <p class='ocr_par' dir='ltr' id='par_1_4' title="bbox 260 2311 2106 2459">
     <span class='ocr_line' id='line_1_22' title="bbox 260 2311 2106 2366; baseline -0.001 -7"><span class='ocrx_word' id='word_1_159' title='bbox 260 2312 325 2359; x_wconf 73' lang='grc' dir='ltr'>ΝΟ</span> <span class='ocrx_word' id='word_1_160' title='bbox 355 2316 486 2364; x_wconf 88' lang='grc'><strong>138.</strong></span> <span class='ocrx_word' id='word_1_161' title='bbox 528 2312 899 2360; x_wconf 74' lang='lat' dir='ltr'>Accensement</span> <span class='ocrx_word' id='word_1_162' title='bbox 935 2311 1085 2360; x_wconf 80' lang='lat' dir='ltr'>cI&#39;une</span> <span class='ocrx_word' id='word_1_163' title='bbox 1112 2312 1222 2360; x_wconf 73' lang='lat' dir='ltr'>aire</span> <span class='ocrx_word' id='word_1_164' title='bbox 1248 2312 1309 2360; x_wconf 83' lang='lat' dir='ltr'>cle</span> <span class='ocrx_word' id='word_1_165' title='bbox 1336 2312 1556 2360; x_wconf 74' lang='lat' dir='ltr'>moulins</span> <span class='ocrx_word' id='word_1_166' title='bbox 1591 2318 1638 2360; x_wconf 77' lang='lat' dir='ltr'>et</span> <span class='ocrx_word' id='word_1_167' title='bbox 1663 2311 1723 2361; x_wconf 77' lang='lat' dir='ltr'>cle</span> <span class='ocrx_word' id='word_1_168' title='bbox 1751 2330 1831 2361; x_wconf 70' lang='lat' dir='ltr'>ces</span> <span class='ocrx_word' id='word_1_169' title='bbox 1869 2311 2106 2366; x_wconf 60' lang='lat' dir='ltr'>moulins,</span> 
     </span>
     <span class='ocr_line' id='line_1_23' title="bbox 668 2392 1700 2459; baseline -0.001 -18"><span class='ocrx_word' id='word_1_170' title='bbox 668 2411 790 2441; x_wconf 70' lang='lat' dir='ltr'>avec</span> <span class='ocrx_word' id='word_1_171' title='bbox 814 2393 1010 2459; x_wconf 80' lang='lat' dir='ltr'>faculte&#39;</span> <span class='ocrx_word' id='word_1_172' title='bbox 1035 2392 1298 2442; x_wconf 76' lang='lat' dir='ltr'>cl&#39;alie&#39;ner.</span> <span class='ocrx_word' id='word_1_173' title='bbox 1333 2394 1412 2458; x_wconf 75' lang='lat'>(12</span> <span class='ocrx_word' id='word_1_174' title='bbox 1439 2393 1543 2442; x_wconf 76' lang='lat' dir='ltr'>mai</span> <span class='ocrx_word' id='word_1_175' title='bbox 1566 2394 1700 2458; x_wconf 68' lang='lat'>968.)</span> 
     </span>
    </p>
   </div>
   <div class='ocr_carea' id='block_1_4' title="bbox 558 2526 1809 2592">
    <p class='ocr_par' dir='ltr' id='par_1_5' title="bbox 558 2526 1809 2592">
     <span class='ocr_line' id='line_1_24' title="bbox 558 2526 1809 2592; baseline -0.001 -18"><span class='ocrx_word' id='word_1_176' title='bbox 558 2526 789 2575; x_wconf 76' lang='lat' dir='ltr'>Chartul.</span> <span class='ocrx_word' id='word_1_177' title='bbox 819 2527 870 2574; x_wconf 85' lang='lat' dir='ltr'>S.</span> <span class='ocrx_word' id='word_1_178' title='bbox 900 2526 1041 2575; x_wconf 85' lang='lat' dir='ltr'>Petri</span> <span class='ocrx_word' id='word_1_179' title='bbox 1068 2527 1413 2583; x_wconf 75' lang='lat' dir='ltr'>Carnotensis,</span> <span class='ocrx_word' id='word_1_180' title='bbox 1440 2526 1565 2592; x_wconf 91' lang='lat' dir='ltr'>Cap.</span> <span class='ocrx_word' id='word_1_181' title='bbox 1598 2527 1667 2574; x_wconf 96' lang='lat' dir='ltr'>III</span> <span class='ocrx_word' id='word_1_182' title='bbox 1693 2526 1809 2591; x_wconf 70' lang='lat'><em>(57).</em></span> 
     </span>
    </p>
   </div>
   <div class='ocr_carea' id='block_1_5' title="bbox 264 2675 2106 2836">
    <p class='ocr_par' dir='ltr' id='par_1_6' title="bbox 264 2675 2106 2836">
     <span class='ocr_line' id='line_1_25' title="bbox 264 2675 2106 2729; baseline -0.002 -1"><span class='ocrx_word' id='word_1_183' title='bbox 264 2680 342 2728; x_wconf 87' lang='lat' dir='ltr'>De</span> <span class='ocrx_word' id='word_1_184' title='bbox 379 2697 500 2728; x_wconf 87' lang='lat' dir='ltr'>area</span> <span class='ocrx_word' id='word_1_185' title='bbox 535 2678 764 2729; x_wconf 88' lang='lat' dir='ltr'>duorum</span> <span class='ocrx_word' id='word_1_186' title='bbox 807 2676 1245 2728; x_wconf 89' lang='lat' dir='ltr'>molendinorum</span> <span class='ocrx_word' id='word_1_187' title='bbox 1287 2676 1527 2727; x_wconf 88' lang='lat' dir='ltr'>Falesiae</span> <span class='ocrx_word' id='word_1_188' title='bbox 1563 2677 1628 2727; x_wconf 87' lang='lat' dir='ltr'>ab</span> <span class='ocrx_word' id='word_1_189' title='bbox 1663 2675 1910 2726; x_wconf 73' lang='lat' dir='ltr'>Ardrado</span> <span class='ocrx_word' id='word_1_190' title='bbox 1945 2695 2106 2726; x_wconf 83' lang='lat' dir='ltr'>cano-</span> 
     </span>
     <span class='ocr_line' id='line_1_26' title="bbox 822 2765 1538 2836; baseline -0.001 -20"><span class='ocrx_word' id='word_1_191' title='bbox 822 2766 944 2816; x_wconf 90' lang='lat' dir='ltr'>nico</span> <span class='ocrx_word' id='word_1_192' title='bbox 981 2765 1308 2816; x_wconf 89' lang='lat' dir='ltr'>censualiter</span> <span class='ocrx_word' id='word_1_193' title='bbox 1343 2775 1538 2836; x_wconf 88' lang='lat' dir='ltr'>empta.</span> 
     </span>
    </p>
   </div>
   <div class='ocr_carea' id='block_1_6' title="bbox 337 2904 2106 2975">
    <p class='ocr_par' dir='ltr' id='par_1_7' title="bbox 337 2904 2106 2975">
     <span class='ocr_line' id='line_1_27' title="bbox 337 2904 2106 2975; baseline -0.002 -17"><span class='ocrx_word' id='word_1_194' title='bbox 337 2909 393 2958; x_wconf 89' lang='lat' dir='ltr'>In</span> <span class='ocrx_word' id='word_1_195' title='bbox 438 2907 641 2958; x_wconf 86' lang='lat' dir='ltr'>Christi</span> <span class='ocrx_word' id='word_1_196' title='bbox 675 2907 912 2966; x_wconf 79' lang='lat' dir='ltr'>nomine,</span> <span class='ocrx_word' id='word_1_197' title='bbox 962 2905 1205 2966; x_wconf 72' lang='lat' dir='ltr'>Eirvcus‚</span> <span class='ocrx_word' id='word_1_198' title='bbox 1238 2905 1329 2975; x_wconf 84' lang='lat' dir='ltr'>qui</span> <span class='ocrx_word' id='word_1_199' title='bbox 1365 2904 1633 2955; x_wconf 85' lang='lat' dir='ltr'>abbatiam</span> <span class='ocrx_word' id='word_1_200' title='bbox 1669 2904 1840 2955; x_wconf 86' lang='lat' dir='ltr'>sancti</span> <span class='ocrx_word' id='word_1_201' title='bbox 1875 2904 2106 2955; x_wconf 88' lang='lat' dir='ltr'>Carauni</span> 
     </span>
    </p>
   </div>
   <div class='ocr_carea' id='block_1_7' title="bbox 256 3094 2108 3552">
    <p class='ocr_par' dir='ltr' id='par_1_8' title="bbox 257 3094 2108 3222">
     <span class='ocr_line' id='line_1_28' title="bbox 260 3094 2108 3154; baseline -0.002 -14"><span class='ocrx_word' id='word_1_202' title='bbox 260 3106 412 3140; x_wconf 67' lang='lat' dir='ltr'>&#39;mettre</span> <span class='ocrx_word' id='word_1_203' title='bbox 439 3098 518 3140; x_wconf 80' lang='lat' dir='ltr'>des</span> <span class='ocrx_word' id='word_1_204' title='bbox 545 3098 743 3139; x_wconf 78' lang='lat' dir='ltr'>hommes</span> <span class='ocrx_word' id='word_1_205' title='bbox 773 3096 826 3138; x_wconf 75' lang='lat' dir='ltr'>de</span> <span class='ocrx_word' id='word_1_206' title='bbox 853 3096 1013 3139; x_wconf 65' lang='lat' dir='ltr'>sccitec-</span> <span class='ocrx_word' id='word_1_207' title='bbox 1029 3097 1178 3138; x_wconf 77' lang='lat' dir='ltr'>Victor</span> <span class='ocrx_word' id='word_1_208' title='bbox 1204 3097 1231 3137; x_wconf 80' lang='grc' dir='ltr'>(ὶ</span> <span class='ocrx_word' id='word_1_209' title='bbox 1260 3095 1475 3154; x_wconf 66' lang='grc' dir='ltr'>ζ’όρνσιινε</span> <span class='ocrx_word' id='word_1_210' title='bbox 1506 3094 1569 3137; x_wconf 76' lang='lat' dir='ltr'>du</span> <span class='ocrx_word' id='word_1_211' title='bbox 1594 3097 1827 3151; x_wconf 75' lang='lat' dir='ltr'>jugement</span> <span class='ocrx_word' id='word_1_212' title='bbox 1851 3095 2108 3152; x_wconf 66' lang='lat' dir='ltr'>judiciaiw</span> 
     </span>
     <span class='ocr_line' id='line_1_29' title="bbox 257 3160 1966 3222; baseline -0.002 -15"><span class='ocrx_word' id='word_1_213' title='bbox 257 3165 580 3222; x_wconf 67' lang='lat' dir='ltr'>(per-portare),</span> <span class='ocrx_word' id='word_1_214' title='bbox 611 3164 639 3205; x_wconf 83' lang='grc' dir='ltr'>(ὶ</span> <span class='ocrx_word' id='word_1_215' title='bbox 666 3177 767 3204; x_wconf 78' lang='lat' dir='ltr'>mon</span> <span class='ocrx_word' id='word_1_216' title='bbox 795 3163 906 3218; x_wconf 66' lang='lat' dir='ltr'>avis,</span> <span class='ocrx_word' id='word_1_217' title='bbox 939 3161 1001 3204; x_wconf 75' lang='lat' dir='ltr'>clu</span> <span class='ocrx_word' id='word_1_218' title='bbox 1025 3162 1221 3215; x_wconf 74' lang='lat' dir='ltr'>combat,</span> <span class='ocrx_word' id='word_1_219' title='bbox 1253 3177 1337 3220; x_wconf 75' lang='lat' dir='ltr'>qne</span> <span class='ocrx_word' id='word_1_220' title='bbox 1363 3164 1562 3217; x_wconf 76' lang='lat' dir='ltr'>refccsent</span> <span class='ocrx_word' id='word_1_221' title='bbox 1590 3160 1652 3203; x_wconf 83' lang='lat' dir='ltr'>les</span> <span class='ocrx_word' id='word_1_222' title='bbox 1679 3160 1966 3216; x_wconf 71' lang='lat' dir='ltr'>de&#39;fendwrs.</span> 
     </span>
    </p>

    <p class='ocr_par' dir='ltr' id='par_1_9' title="bbox 256 3226 2108 3356">
     <span class='ocr_line' id='line_1_30' title="bbox 317 3226 2108 3287; baseline -0.003 -13"><span class='ocrx_word' id='word_1_223' title='bbox 317 3235 355 3274; x_wconf 92' lang='lat'>1.</span> <span class='ocrx_word' id='word_1_224' title='bbox 393 3233 584 3272; x_wconf 58' lang='lat' dir='ltr'>Jeterent</span> <span class='ocrx_word' id='word_1_225' title='bbox 611 3237 651 3271; x_wconf 80' lang='lat' dir='ltr'>et</span> <span class='ocrx_word' id='word_1_226' title='bbox 673 3228 899 3284; x_wconf 56' lang='lat' dir='ltr'>soulerent</span> <span class='ocrx_word' id='word_1_227' title='bbox 925 3243 1022 3270; x_wconf 60' lang='lat' dir='ltr'>(tum</span> <span class='ocrx_word' id='word_1_228' title='bbox 1045 3228 1179 3287; x_wconf 73' lang='lat' dir='ltr'>pleds</span> <span class='ocrx_word' id='word_1_229' title='bbox 1206 3227 1264 3285; x_wconf 74' lang='lat' dir='ltr'>(le</span> <span class='ocrx_word' id='word_1_230' title='bbox 1285 3228 1401 3283; x_wconf 76' lang='lat' dir='ltr'>fe&#39;tu)</span> <span class='ocrx_word' id='word_1_231' title='bbox 1421 3244 1470 3269; x_wconf 78' lang='lat' dir='ltr'>en</span> <span class='ocrx_word' id='word_1_232' title='bbox 1497 3228 1624 3284; x_wconf 76' lang='lat' dir='ltr'>signe</span> <span class='ocrx_word' id='word_1_233' title='bbox 1643 3226 1913 3269; x_wconf 76' lang='lat' dir='ltr'>cl’abandon</span> <span class='ocrx_word' id='word_1_234' title='bbox 1938 3227 1992 3268; x_wconf 83' lang='lat' dir='ltr'>de</span> <span class='ocrx_word' id='word_1_235' title='bbox 2013 3226 2108 3269; x_wconf 75' lang='lat' dir='ltr'>leur</span> 
     </span>
     <span class='ocr_line' id='line_1_31' title="bbox 256 3297 526 3356; baseline -0.007 -17"><span class='ocrx_word' id='word_1_236' title='bbox 256 3297 526 3356; x_wconf 80' lang='lat' dir='ltr'>pre&#39;tention.</span> 
     </span>
    </p>

    <p class='ocr_par' dir='ltr' id='par_1_10' title="bbox 260 3358 2106 3552">
     <span class='ocr_line' id='line_1_32' title="bbox 319 3358 2106 3420; baseline -0.002 -16"><span class='ocrx_word' id='word_1_237' title='bbox 319 3365 360 3405; x_wconf 85' lang='lat'>2.</span> <span class='ocrx_word' id='word_1_238' title='bbox 402 3365 455 3404; x_wconf 80' lang='lat' dir='ltr'>Ce</span> <span class='ocrx_word' id='word_1_239' title='bbox 483 3362 564 3420; x_wconf 74' lang='lat' dir='ltr'>qui</span> <span class='ocrx_word' id='word_1_240' title='bbox 590 3369 654 3403; x_wconf 81' lang='lat' dir='ltr'>est</span> <span class='ocrx_word' id='word_1_241' title='bbox 678 3364 814 3417; x_wconf 73' lang='lat' dir='ltr'>s’aux.</span> <span class='ocrx_word' id='word_1_242' title='bbox 836 3360 878 3402; x_wconf 86' lang='lat' dir='ltr'>Il</span> <span class='ocrx_word' id='word_1_243' title='bbox 897 3377 928 3418; x_wconf 65' lang='grc' dir='ltr'>ιγ</span> <span class='ocrx_word' id='word_1_244' title='bbox 954 3376 981 3402; x_wconf 82' lang='grc' dir='ltr'>(ι</span> <span class='ocrx_word' id='word_1_245' title='bbox 1002 3360 1181 3403; x_wconf 75' lang='lat' dir='ltr'>d&#39;asse:</span> <span class='ocrx_word' id='word_1_246' title='bbox 1199 3359 1691 3418; x_wconf 63' lang='lat' dir='ltr'>nombreuoeexemplos</span> <span class='ocrx_word' id='word_1_247' title='bbox 1719 3359 1774 3401; x_wconf 81' lang='lat' dir='ltr'>(le</span> <span class='ocrx_word' id='word_1_248' title='bbox 1800 3358 1886 3402; x_wconf 73' lang='lat' dir='ltr'>lois</span> <span class='ocrx_word' id='word_1_249' title='bbox 1908 3361 2106 3415; x_wconf 77' lang='lat' dir='ltr'>(sm-tout</span> 
     </span>
     <span class='ocr_line' id='line_1_33' title="bbox 260 3425 2102 3485; baseline -0.002 -16"><span class='ocrx_word' id='word_1_250' title='bbox 260 3428 333 3470; x_wconf 72' lang='lat' dir='ltr'>Iex</span> <span class='ocrx_word' id='word_1_251' title='bbox 356 3428 588 3483; x_wconf 73' lang='lat' dir='ltr'>Romana)</span> <span class='ocrx_word' id='word_1_252' title='bbox 615 3429 945 3469; x_wconf 60' lang='lat' dir='ltr'>{nexae-lemene</span> <span class='ocrx_word' id='word_1_253' title='bbox 971 3427 1209 3485; x_wconf 75' lang='lat' dir='ltr'>z&#39;twoque&#39;es</span> <span class='ocrx_word' id='word_1_254' title='bbox 1236 3442 1292 3468; x_wconf 81' lang='lat' dir='ltr'>ou</span> <span class='ocrx_word' id='word_1_255' title='bbox 1321 3428 1527 3468; x_wconf 58' lang='lat' dir='ltr'>actm-des.</span> <span class='ocrx_word' id='word_1_256' title='bbox 1556 3426 1791 3468; x_wconf 72' lang='lat' dir='ltr'>Pt’zcdence</span> <span class='ocrx_word' id='word_1_257' title='bbox 1817 3425 2102 3468; x_wconf 77' lang='lat' dir='ltr'>ne&#39;cessal&#39;re:</span> 
     </span>
     <span class='ocr_line' id='line_1_34' title="bbox 260 3492 1697 3552; baseline 0 -17"><span class='ocrx_word' id='word_1_258' title='bbox 260 3493 444 3537; x_wconf 63' lang='lat' dir='ltr'>decidet·</span> <span class='ocrx_word' id='word_1_259' title='bbox 469 3493 654 3552; x_wconf 56' lang='lat' dir='ltr'>d’apffls</span> <span class='ocrx_word' id='word_1_260' title='bbox 683 3493 719 3535; x_wconf 70' lang='lat' dir='ltr'>le</span> <span class='ocrx_word' id='word_1_261' title='bbox 742 3493 884 3549; x_wconf 80' lang='lat' dir='ltr'>fonds</span> <span class='ocrx_word' id='word_1_262' title='bbox 910 3500 949 3535; x_wconf 80' lang='lat' dir='ltr'>et</span> <span class='ocrx_word' id='word_1_263' title='bbox 974 3508 1061 3535; x_wconf 74' lang='lat' dir='ltr'>nore</span> <span class='ocrx_word' id='word_1_264' title='bbox 1088 3493 1272 3552; x_wconf 47' lang='lat' dir='ltr'>(l’aprc‘s</span> <span class='ocrx_word' id='word_1_265' title='bbox 1301 3492 1345 3535; x_wconf 74' lang='lat' dir='ltr'>la</span> <span class='ocrx_word' id='word_1_266' title='bbox 1374 3492 1438 3535; x_wconf 77' lang='grc' dir='ltr'>[οἱ</span> <span class='ocrx_word' id='word_1_267' title='bbox 1463 3494 1697 3551; x_wconf 72' lang='lat' dir='ltr'>irwoque&#39;e.</span> 
     </span>
    </p>
   </div>
  </div>
 </body>
</html>
