2259 3692
1018 230 1313 281 -248-

243 361 414 412 sinam
447 379 639 411 meam.
680 358 746 410 ad
781 358 1039 430 reliquias
1074 356 1324 428 superius
1362 365 1702 408 memoratas.
1741 367 1794 408 et
1820 357 1874 409 in
1903 379 2092 411 manus

237 453 347 521 jam
380 448 512 500 dicti
546 447 775 499 abbatis.
806 447 1114 518 traditaque
1149 446 1203 496 in
1230 455 1556 517 perpetuum
1583 465 1701 497 esse
1726 446 1867 498 volo.
1908 458 1960 498 et
1993 468 2092 520 per

244 538 390 590 nulla
423 547 730 608 temporum
765 535 1035 587 curricula
1069 534 1297 585 ulterius
1333 533 1607 584 inmutari.
1649 534 1745 585 sed
1788 535 1854 586 ad
1893 556 2092 608 perpe-

244 638 362 678 tuas
397 645 525 677 usus
553 625 750 676 eclesie
787 624 892 675 dei.
925 623 1042 695 ipse
1077 623 1242 675 abbas
1278 622 1558 695 liudgerus
1601 622 1864 694 quiequid
1897 624 2092 676 exinde

247 716 422 767 faeere
456 713 705 765 voluerit.
739 713 966 764 liberam
1001 723 1053 763 et
1087 711 1448 762 firmissimam
1483 730 1510 762 a
1544 730 1626 762 me
1661 721 1713 762 et
1741 713 1806 763 ab
1842 713 2092 764 omnibus

246 805 442 856 habeat
475 813 817 875 potestatem.
851 801 1201 873 stipulatione
1238 800 1483 851 subnixa.

319 893 453 944 Aeta
488 902 568 943 est
596 901 772 942 autem
799 890 1017 962 publice
1045 890 1099 940 in
1133 889 1253 940 loeo
1290 890 1382 960 qui
1417 888 1616 940 dieitur
1651 889 1706 939 in
1744 889 2094 962 uuigtmundi

247 982 313 1034 ad
355 981 605 1033 eclesiam
645 979 816 1031 saneti
859 978 1158 1030 salvatoris,
1207 997 1367 1028 anno.
1407 978 1655 1028 XXXIII.
1710 978 1867 1050 regni
1910 978 2094 1029 domni

247 1070 421 1122 nostri
449 1068 860 1141 relegiosissimi
886 1068 1031 1139 regis
1060 1066 1208 1117 earII.
1239 1068 1357 1119 VH.
1390 1066 1508 1117 Kal.
1535 1067 1879 1137 septembris.
1913 1087 2094 1119 eoram

247 1159 478 1210 testibus
514 1177 572 1208 ae
607 1176 823 1207 manum
867 1155 1207 1206 missoribus.
1254 1174 1485 1225 quorum
1520 1154 1740 1205 nomina
1775 1156 1966 1206 subtus
2002 1176 2093 1206 no-

248 1258 450 1298 tantur.
485 1256 535 1297 et
564 1256 622 1296 ut
654 1246 757 1295 hoe
792 1243 1102 1295 traditionis
1128 1253 1514 1294 testamentum
1542 1242 1748 1293 firmius
1783 1254 2097 1314 perseveret

251 1337 304 1386 ln
351 1346 616 1386 eternum.
665 1333 844 1383 notavi
881 1343 1095 1403 tempus
1141 1331 1282 1382 diem
1325 1331 1503 1382 locum
1545 1351 1651 1402 quo
1688 1331 1950 1403 seriptum
1994 1343 2092 1383 est.

251 1444 352 1495 ego
386 1422 720 1474 thiatbaldus
748 1421 1021 1493 presbiter
1056 1430 1277 1493 rogatus
1313 1420 1507 1490 scripsi
1535 1430 1586 1470 et
1622 1420 1941 1491 subscripsi.
1976 1421 2091 1493 Sig.

250 1512 506 1564 hrodulfi.
548 1511 640 1582 qui
672 1512 812 1561 hanc
838 1510 1187 1561 traditionem
1216 1509 1529 1560 dominante
1558 1528 1716 1560 manu
1751 1508 1998 1579 perfecit.
2047 1520 2099 1560 et

251 1602 440 1653 subtus
468 1599 714 1651 firmavit.
750 1599 864 1671 Sig.
891 1598 1168 1671 hildigeri.
1205 1598 1318 1670 Sig.
1352 1596 1606 1669 liudgeri.
1635 1597 1750 1670 Sig.
1784 1597 2092 1648 cuuruuini.

254 1690 367 1762 Sig.
394 1688 646 1761 liudgeri.
672 1687 784 1760 sig.
808 1687 1154 1760 meginberti.
1179 1686 1293 1758 Sig.
1317 1685 1628 1758 engilberti.
1657 1686 1770 1758 Sig.
1798 1685 2091 1737 oodhelmi.

257 1779 370 1850 Sig.
410 1776 718 1849 germundi.

251 1968 501 2028 proprie'te')
528 1976 738 2010 nostram
765 1967 967 2024 pertinet
1001 1982 1037 2007 ι.
1080 1974 1124 2009 et
1168 1984 1182 2005 «
1216 1968 1351 2009 iuxta
1395 1968 1704 2026 quantitatem
1742 1965 2014 2009 hereditatis
2055 1967 2101 2008 in

254 2037 363 2077 villa
401 2042 586 2091 pastum
637 2049 888 2091 porcorum
942 2034 1232 2090 aliorumque
1282 2049 1504 2090 pecorum
1547 2049 1630 2075 seu
1670 2033 1946 2075 incisionem
1987 2033 2103 2089 ligni

255 2102 489 2144 habeat».
528 2103 630 2158 roy.
675 2100 906 2151 lee'wenz'n,
950 2116 965 2139 a
1013 2102 1280 2141 Communia
1310 2117 1325 2139 n
1357 2100 1450 2153 cit.‚
1497 2115 1544 2158 p.
1589 2102 1671 2143 123
1711 2107 1752 2141 et
1789 2100 1903 2141 suiv.
1941 2107 1982 2141 et
2023 2114 2102 2141 von

253 2171 679 2223 [asama-Sternegg,
710 2165 930 2207 Ausbz'ld.
961 2165 1042 2207 der
1071 2165 1546 2220 Gruudleersselzaften
1574 2165 1867 2206 z'nDezctselzl.
1898 2166 2098 2223 Leipzig,

257 2238 382 2291 1373>
406 2250 449 2293 l).
477 2237 529 2277 16
553 2241 592 2275 et
613 2235 682 2276 46.
709 2258 757 2263 —
786 2234 952 2273 Manes
980 2231 1303 2291 disposition&
1329 2231 1514 2290 ἅάρΓὲε
1534 2231 1597 2273 les
1621 2249 1635 2269 «
1661 2234 1798 2287 Leges
1830 2249 1864 2285 n,
1896 2234 2102 2273 enBour-

253 2317 411 2358 gogne,
440 2303 485 2342 10
512 2303 604 2341 Lex
635 2298 839 2341 Gundeb.
867 2300 933 2340 tit.
967 2302 1047 2342 67:
1078 2299 1356 2355 quicumque
1384 2314 1545 2354 agrum
1573 2305 1651 2339 aut
1670 2298 1906 2340 colonicas
1926 2304 2100 2350 tenent,

260 2368 515 2409 secund-im
556 2374 785 2407 terrarum
823 2364 1009 2406 modum
1047 2365 1119 2405 vel
1158 2365 1468 2423 possessionis
1505 2379 1618 2406 suae
1654 2371 1805 2406 ratam
1839 2365 1906 2405 sic
1942 2364 2105 2404 silvam

257 2436 380 2476 inter
407 2448 454 2474 se
482 2433 697 2473 noverint
724 2432 1046 2480 dividenda1n;
1076 2438 1117 2472 et
1145 2433 1190 2472 20
1216 2433 1310 2472 Lex
1341 2433 1471 2472 Rom.
1501 2433 1640 2486 Βίης.
1670 2431 1737 2472 tit.
1770 2432 1839 2478 17,
1871 2433 1894 2471 4
1919 2446 1925 2470 :
1957 2430 2104 2471 Silva-

258 2516 374 2548 rum,
406 2499 631 2540 montium
657 2505 701 2539 et
728 2498 889 2554 pascui
917 2498 1006 2553 ius,
1036 2504 1084 2538 ut
1110 2497 1360 2554 unicuique
1385 2512 1470 2556 pro
1509 2503 1615 2538 rata
1645 2497 1960 2556 possessionis
1990 2495 2103 2536 sub-

258 2567 388 2623 petit>
417 2581 510 2607 esse
536 2579 785 2607 commune.
