2259 3692
989 181 1281 230 -205—

218 310 451 370 soribus‚
480 318 539 360 ut
565 308 641 359 eis
676 307 871 378 aliquis
907 328 969 358 ex
998 307 1158 356 rebus
1189 307 1373 357 Sancti
1409 305 1559 357 Pauli
1588 305 1653 356 ad
1681 325 1899 357 censum
1928 328 2056 356 con-

217 397 565 458 cederemus;
609 395 754 466 quod
799 406 851 446 et
893 395 1136 454 fecimus,
1181 393 1434 444 videlicet
1477 413 1574 463 per
1620 393 2057 464 deprecationem

216 484 473 536 Adelardi
509 484 713 544 militis,
746 485 897 554 cujus
924 482 1248 534 beneficium
1276 502 1393 532 csse
1419 481 1723 543 videbatur,
1754 482 1837 532 vel
1864 481 2058 552 deprc-

217 573 427 624 catione
453 572 714 624 Gaufredi
738 571 923 622 militis
952 573 1086 641 ejus,
1111 570 1203 641 qui
1223 570 1399 640 ipsum
1426 570 1749 620 beneficium
1777 570 1842 620 ab
1870 569 2059 620 eodem

214 661 454 722 tenebat,
494 661 859 711 concessimus
893 659 968 710 eis
1001 678 1161 709 unam
1188 668 1431 729 quartam
1460 657 1524 708 de
1558 667 1703 708 terra
1736 677 1855 708 cum
1893 657 2060 708 omni-

218 749 316 799 bus
359 768 494 820 quae
536 749 590 799 in
633 768 689 799 se
734 748 995 808 continet,
1044 746 1226 807 terris,
1276 745 1465 817 pratis,
1515 745 1681 806 silvis,
1729 745 1901 816 aquis,
1941 764 2059 795 cum

217 856 337 888 area
365 837 431 888 ad
458 836 827 887 molendinum
855 834 1178 886 faciendum.
1205 835 1300 885 Est
1327 845 1503 885 autem
1523 834 1638 905 ipsa
1661 843 1806 884 terra
1826 834 1879 883 in
1901 833 2058 883 comi-

217 935 327 976 tatu
378 925 660 985 Blesencc,
708 944 871 995 super
912 923 1130 974 fluvium
1177 923 1465 983 Bevroino,
1512 922 1566 972 in
1606 921 1730 972 villa
1772 921 2055 979 Aniliaco;

216 1023 267 1063 et
298 1013 616 1063 terminatus
658 1032 723 1063 ex
763 1032 868 1063 una
908 1022 1060 1083 parte
1102 1022 1247 1062 terra
1292 1011 1477 1064 Sancti
1518 1010 1758 1071 Martini,
1798 1009 1900 1060 alia
1932 1029 2058 1060 vero

214 1111 366 1171 parte
398 1111 541 1152 terra
571 1101 756 1153 Sancti
788 1101 954 1161 Petri,
986 1100 1195 1172 reliqua
1220 1120 1347 1151 vero
1375 1097 1562 1150 alodo¹
1597 1098 1848 1150 Landrici
1880 1098 2057 1148 termi-

214 1199 390 1240 natur.
452 1191 527 1241 Ea
574 1199 750 1240 autem
798 1189 1007 1240 ratione
1063 1188 1411 1240 concedimus
1455 1188 1531 1238 eis
1564 1187 1737 1258 ipsam
1769 1197 1969 1238 terram
2002 1195 2057 1236 ut

215 1277 369 1328 annis
419 1277 648 1349 singulis
698 1277 763 1328 ad
830 1276 1004 1328 forum
1053 1277 1312 1328 Blesense
1358 1277 1412 1327 in
1471 1296 1690 1327 censum
1748 1274 2059 1346 persolvant

217 1363 469 1416 denarios
504 1367 622 1417 XII.
663 1365 823 1432 Quod
858 1365 902 1416 si
936 1365 1001 1416 de
1042 1365 1161 1436 ipso
1196 1385 1361 1416 censu
1404 1363 1547 1415 tardi
1586 1373 1675 1415 aut
1715 1362 2058 1435 negligentes

216 1453 510 1514 extiterint,
562 1454 796 1504 habeant
841 1453 1114 1505 licentiam
1156 1453 1404 1524 legaliter
1445 1451 1769 1503 emendandi
1804 1461 1856 1502 et
1887 1451 2057 1521 ipsam

214 1550 413 1592 terram
446 1562 553 1592 non
591 1541 824 1612 perdant
851 1564 861 1605 3
905 1541 1000 1592 sed
1034 1542 1270 1592 habeant
1304 1540 1576 1592 licentiam
1608 1539 1851 1601 tenendi,
1882 1539 2058 1609 possi-

215 1629 398 1691 dendi,
431 1630 769 1691 aedificandi,
794 1629 1095 1700 plantandi,
1119 1629 1408 1691 vendendi,
1438 1627 1810 1689 emeliorandi,
1834 1638 1886 1678 et
1913 1625 2059 1698 quod

187 1717 479 1788 ‘placuerit
526 1718 778 1779 faciendi,
833 1718 976 1769 salvo
1020 1720 1141 1789 jure
1176 1718 1346 1789 ipsius
1386 1716 1559 1790 pssgff·
1606 1719 1675 1769 Ut
1716 1717 1849 1767 haec
1882 1725 2056 1766 autem

216 1825 375 1858 manu
424 1807 626 1877 scripta
674 1806 824 1857 firma
874 1817 926 1857 et
974 1806 1182 1857 stabilis
1230 1816 1577 1877 permaneat,
1630 1825 1790 1856 manu
1836 1803 2055 1875 propria

216 1894 402 1945 subter
444 1915 559 1946 eam
593 1894 938 1956 firmavimus,
981 1895 1339 1966 manibusque
1377 1904 1688 1945 nostrorum
1715 1893 1939 1944 fratrum
1966 1891 2057 1942 fir-

214 2002 358 2033 mare
390 1983 714 2055 rogavimus.
756 1983 983 2055 Signum
1025 1983 1229 2034 domini
1263 1983 1504 2034 Danielis
1542 1982 1788 2033 Abbatis.
1831 1980 2058 2052 Signum

215 2070 496 2143 Ingelgirii
540 2070 731 2122 decani
777 2081 829 2121 et
874 2072 1142 2122 monachi.
1193 2071 1422 2144 Signum
1456 2069 1745 2122 Ramnulfi.
1784 2069 2057 2121 Johanncs

214 2159 508 2209 monachus
553 2159 739 2211 Sancti
780 2159 932 2211 Pauli
973 2160 1192 2230 scripsit
1229 2170 1281 2210 et
1323 2159 1665 2230 subscripsit.
1704 2160 1839 2209 Data
1874 2175 2058 2207 mense

215 2247 532 2316 septembri,
570 2267 710 2298 anno
736 2248 939 2299 XXIIII
968 2258 1231 2320 regnante
1266 2248 1522 2299 Lothario
1557 2267 1704 2318 rege.

218 2520 283 2568 N⁰
315 2526 445 2571 141,
600 2522 781 2570 Noiice
806 2521 868 2570 de
892 2522 1385 2589 dequerynfssemenl.
1419 2523 1537 2588 (An.
1566 2524 1660 2570 978
1687 2541 1748 2571 011
1774 2523 1912 2587 984.)

798 2708 937 2756 Cart.
968 2710 1019 2755 S.
1051 2708 1246 2766 Victor,
1280 2716 1332 2755 11Ο
1357 2709 1470 2757 654.

287 2891 489 2942 Notitia
523 2890 863 2942 diffinitionis
904 2892 986 2942 vel
1028 2892 1397 2963 guirpstionis,
1432 2893 1483 2943 in
1519 2912 1747 2963 quorum
1781 2893 2053 2963 presentie

216 2979 269 3029 in
310 2979 509 3049 placito
543 2980 817 3050 generale,
865 2980 1139 3034 XYilieInlo
1182 2982 1396 3041 comite,
1447 2983 1496 3031 in
1544 2983 1845 3032 JiIanoasi-a.
1894 2982 2055 3034 Venit

217 3068 504 3137 episcopus
532 3063 757 3118 Pontius
782 3078 965 3119 sancte
993 3067 1136 3118 sedis
1158 3069 1513 3120 Massiliensis
1541 3069 1786 3129 ecclesie,
1818 3079 1869 3119 et
1890 3070 2053 3120 abbas

279 3331 314 3370 1.
351 3328 431 3384 lei,
461 3327 508 3370 la
535 3335 646 3371 terre
672 3343 730 3371 οιι
759 3346 774 3368 «
807 3329 1009 3387 lee'ritage
1041 3348 1056 3371 n
1086 3329 1140 3372 de
1168 3333 1213 3372 L.

276 3396 315 3435 2.
352 3394 545 3436 Suivant
571 3394 616 3436 la
644 3402 850 3436 coutume
877 3395 939 3436 clu
961 3410 1094 3453 pays.
