2259 3692
1008 142 1261 190 -4-2-

211 265 508 317 secundum
543 266 662 338 lege
697 285 806 316 non
841 266 1159 327 adfirmavit,
1190 276 1481 337 propterea
1513 264 1617 314 iam
1653 263 1783 314 dieti
1821 263 1918 313 filii
1950 263 2054 314 mei

210 353 470 405 naturalis
505 353 816 424 appellant,
861 354 933 405 ita
976 354 1282 405 antedictus
1316 363 1469 424 pater
1510 371 1697 403 eorum
1740 352 1789 402 ei
1830 351 2053 423 conpla-

211 441 339 503 cuit,
378 452 436 492 ut
468 441 615 512 ipsos
660 442 959 493 secundum
1000 442 1119 514 lege
1157 444 1397 495 Romana
1430 440 1485 491 in
1526 440 1643 511 ipsa
1677 439 1891 490 civitate
1926 450 2049 490 ante

211 529 359 582 curia
413 529 633 600 publiea
684 529 880 580 debeat
935 530 989 580 in
1050 530 1292 602 legitima
1347 528 1514 579 totius
1580 527 1899 578 hereditatis
1962 548 2054 578 sue

210 617 497 669 instituere
531 617 869 681 hereditate3
916 618 989 669 ita
1021 629 1073 669 et
1107 618 1286 681 feci⁷²3
1326 617 1453 668 dum
1486 617 1541 667 in
1574 615 1762 686 probis
1790 635 1890 665 nee
1926 615 2054 687 legi-

210 705 356 757 timis
406 705 639 756 infantes
685 726 789 757 non
854 706 1125 767 habuerit,
1178 706 1326 777 ipsa⁰
1362 705 1417 756 in
1463 704 1704 777 legitima
1747 702 2051 754 hereditate

211 814 311 865 pro
359 793 616 866 legitimis
666 793 805 845 filios
852 794 910 847 in
957 814 1143 845 omnes
1193 792 1670 863 causas'recepit3
1714 802 1773 843 ut
1812 790 2058 862 predicta

213 881 442 953 epistola
468 881 611 933 iuxta
640 902 845 932 morem
873 893 925 932 et
959 882 1411 933 consuetudinem
1445 881 1612 954 gestis
1641 879 2057 950 monicipalibus

213 970 426 1043 alegare
461 980 622 1041 atque
647 970 860 1021 firmare
887 970 1140 1021 debeant.
1175 991 1200 1019 >›
1228 969 1645 1041 Superscriptus
1666 967 1921 1019 defensor
1948 987 2055 1018 una

214 1078 334 1109 cum
385 1058 495 1109 suis
546 1058 840 1109 curialibus
894 1058 978 1109 vel
1028 1058 1526 1129 subscriptionibus
1573 1057 1928 1109 instituerunt
1974 1054 2059 1105 vel

213 1146 642 1197 inobodierunt?
679 1147 778 1197 sub
813 1146 1126 1218 signaculis.
1176 1148 1243 1196 Et
1283 1147 1417 1196 haee
1460 1156 1631 1217 gesta,
1671 1143 1943 1215 quomodo
1979 1153 2060 1193 est

214 1234 541 1304 conscripta,
567 1254 756 1284 manus
784 1254 971 1284 eorum
998 1235 1253 1285 roborata
1291 1234 1340 1285 ei
1372 1234 1472 1284 visi
1514 1233 1711 1284 fuimus
1745 1231 2055 1292 tradidisse,

215 1321 564 1393 stipulatione
601 1321 845 1373 subnixa.

287 1410 499 1462 Actum.

215 1646 282 1693 Ν0
316 1650 394 1696 35
420 1645 468 1694 cI.
769 1645 981 1711 Comple
1008 1643 1170 1693 remla
1197 1643 1264 1692 (Iu
1304 1643 1530 1693 mandat.

674 1785 746 1850 (Z.
780 1788 800 1832 1
831 1784 880 1851 cl)
911 1785 1106 1833 Ibidem
1144 1785 1225 1849 (R.
1260 1784 1320 1833 G.
1350 1787 1461 1844 261,
1492 1785 1637 1850 §3'>--

292 1912 583 1985 Magnifico
640 1912 811 1963 amico
868 1932 987 1962 meo
1036 1911 1130 1961 illo
1181 1931 1282 1983 ego
1346 1911 1456 1961 ille.
1526 1912 1865 1983 Cognoseas,
1925 1910 2065 1960 iusta

217 2001 556 2052 iniunctione
590 2012 706 2061 tua,
752 2011 810 2051 ut
857 2020 954 2071 per
1003 2011 1155 2050 tuum
1198 1999 1509 2050 mandatum
1554 1999 1686 2049 mihi
1729 1998 1952 2071 rogasti,
1999 1996 2065 2048 ad

219 2090 312 2141 illa
347 2089 578 2150 civitate,
619 2089 685 2140 ad
711 2088 804 2139 illo
841 2088 1126 2139 defensore
1168 2088 1251 2138 vel
1288 2088 1435 2138 curia
1468 2087 1687 2158 publica
1729 2087 1900 2158 ipsius
1943 2085 2064 2137 eivi-

220 2178 345 2230 tatis
372 2177 685 2238 accessisse,
733 2188 785 2228 et
826 2178 958 2228 111160
994 2176 1213 2236 cartola,
1255 2196 1415 2246 quem
1457 2175 1690 2226 infantes
1731 2186 1872 2236 tuos,
1920 2173 2066 2245 quod

222 2266 483 2318 naturalis
519 2276 662 2326 sunt,
700 2266 755 2315 in
798 2265 1037 2338 legitima
1078 2264 1380 2315 hereditate
1415 2264 1713 2315 secundum
1747 2263 1867 2335 lege
1909 2262 2066 2313 insti-

222 2355 410 2416 tuisse,
457 2354 596 2405 sicut
639 2354 693 2404 in
734 2354 905 2425 ipsam
951 2353 1194 2418 [carto]la
1234 2363 1343 2403 tam
1386 2352 1451 2403 de
1491 2353 1655 2403 rebus
1699 2372 1858 2423 quam
1904 2362 1956 2402 et
1999 2350 2064 2401 de

223 2444 340 2515 ipsa
373 2463 597 2494 numera
631 2442 697 2493 ad
730 2442 901 2513 ipsius
934 2441 1168 2492 infantes
1197 2441 1656 2502 conscriberetur,
1695 2440 1862 2513 gestis
1891 2439 2066 2490 moni-

225 2531 490 2603 cipalibus
546 2531 686 2582 iusta
749 2550 897 2581 more
952 2541 1003 2580 et
1062 2529 1514 2580 consuetudinem
1571 2529 1834 2601 allegasse
1898 2539 2059 2598 atque

225 2620 466 2670 firmasse
500 2639 832 2691 cognoscas,
870 2630 922 2669 et
949 2618 1014 2669 de
1040 2617 1352 2689 persecutio
1387 2617 1709 2677 caelebrata,
1757 2616 1903 2687 quod
1936 2616 2068 2665 mihi

225 2707 450 2779 rogasti,
488 2707 791 2757 rescribere
825 2707 907 2757 vel
940 2726 1274 2777 prosequere
1309 2705 1441 2755 mihi
1475 2705 1691 2777 pigrum
1724 2724 1833 2754 non
1869 2702 1987 2754 suit.

302 2794 664 2866 Stipulatione
694 2795 937 2845 subxina.

287 3292 332 3344 n)
362 3290 483 3330 feeit.
526 3315 583 3320 -—
609 3292 653 3343 o)
681 3290 772 3330 Lis.
816 3289 963 3344 ipsos.
1004 3314 1054 3319 >—
1090 3287 1132 3344 pl
1167 3290 1297 3329 Toxle
1325 3287 1562 3346 ctltc³t·e':je
1589 3303 1640 3328 ue
1672 3287 1765 3328 vois
1792 3301 1882 3344 pas
1909 3283 1946 3327 le
1981 3293 2072 3328 mot

231 3355 312 3415 qui
337 3354 651 3397 conviendrac't
677 3355 752 3396 ici.
