2259 3692
988 217 1285 266 -186—

213 354 409 395 cuntur
433 365 443 405 3
475 353 527 393 et
553 342 719 393 multa
747 341 1046 413 naufragia,
1078 343 1144 394 ab
1172 343 1409 414 antiquis
1442 345 1781 415 temporibus
1808 365 1980 416 usque
2007 346 2061 397 in

212 431 518 483 novissimis
545 430 756 491 diebus,
786 450 884 501 per
912 431 1152 503 singulas
1180 451 1548 503 quascumque
1579 433 1885 503 provincias
1913 435 2061 486 orbis

210 531 374 580 terre,
415 539 628 590 semper
655 518 851 570 debeat
876 519 963 590 pia
992 519 1429 571 consideratione
1455 521 1713 592 princeps
1745 522 1978 585 habere;
2010 534 2063 574 et

210 608 346 680 legis
375 608 627 659 doctores
655 607 872 659 decreta
898 607 1145 660 fecerunt
1172 608 1337 680 quod,
1369 604 1413 660 si
1440 620 1738 661 strumenta
1771 621 2058 671 cartarum,

211 716 309 768 per
344 696 521 747 turbis
555 695 793 747 hostium
835 708 925 748 aut
963 696 1108 748 sures
1141 697 1224 748 vel
1263 697 1577 749 incendium
1618 709 1708 749 aut
1748 719 1845 769 per
1889 699 2063 770 quod-

213 804 444 856 cumque
477 784 758 857 ingenium
792 805 994 857 genera
1027 785 1435 858 naufragiorum
1464 786 1755 838 distructas
1781 787 1864 838 vel
1898 788 2065 858 depe-

210 874 361 934 ritas,
414 874 518 924 hoe
574 873 862 925 innovetur
921 885 1108 925 auctor
1151 875 1433 926 curialium
1475 886 1780 946 proponat3
1834 886 1887 927 et
1930 896 2065 947 quos

210 962 394 1013 testati
446 962 621 1013 nullas
675 983 769 1013 seu
820 973 872 1014 et
920 963 1226 1034 plancturia
1272 974 1457 1014 contra
1506 964 1751 1025 collecta,
1799 964 1864 1015 ad
1908 985 2064 1016 aures

212 1051 432 1122 publice
472 1071 570 1122 per
617 1051 840 1102 biduum
885 1051 968 1102 vel
1009 1051 1249 1102 triduum
1300 1052 1592 1123 appendat,
1645 1064 1703 1103 ut
1748 1064 1935 1104 auctor
1979 1053 2062 1104 vel

212 1138 522 1190 defensator
571 1138 864 1191 Fredeloni
905 1139 971 1191 de
1021 1150 1198 1191 castro
1247 1139 1644 1202 Andusiense¹,
1692 1141 1747 1192 in
1788 1143 1903 1212 ejus
1936 1162 2062 1213 pre-

211 1227 402 1288 sentia,
442 1226 666 1278 faeimus
693 1227 1072 1298 planeturiam.

287 1317 401 1387 Ego
443 1317 739 1388 Ugbertus‚
787 1316 960 1388 gratia
1003 1317 1106 1368 Dei
1148 1316 1291 1368 sedis
1329 1318 1712 1369 Nemausensis
1748 1318 2058 1389 episeopus,

213 1404 280 1455 ed
322 1406 483 1466 letor,
531 1405 898 1456 mandatarius
942 1405 1007 1456 de
1055 1405 1312 1477 jamdicta
1363 1406 1593 1457 ecelesia
1645 1407 2058 1467 Sancta-Maria,

213 1493 396 1545 sedem
421 1493 801 1565 principalem,
839 1494 1222 1546 adnuntiamus
1257 1495 1429 1556 vobis,
1471 1515 1569 1566 per
1608 1505 1848 1546 nostram
1874 1495 2063 1567 planc-

210 1582 426 1643 turiam,
468 1593 526 1633 ut
560 1582 731 1653 ipsam
767 1583 1090 1654 scripturam
1129 1583 1195 1634 de
1230 1584 1449 1634 homine
1476 1583 1768 1646 Adalardo,
1799 1584 1882 1635 vel
1908 1585 2064 1635 uxori

214 1691 307 1722 sue
354 1671 652 1731 Helisabet,
703 1692 806 1742 qua
857 1671 922 1722 de
973 1672 1253 1723 Tramiaeo
1296 1671 1432 1723 facta
1481 1673 1776 1733 habebant,
1831 1672 1897 1723 de
1946 1673 2060 1743 ipsa

212 1759 501 1810 medietate
537 1759 601 1810 de
636 1760 751 1831 ipsa
794 1760 938 1820 villa,
976 1761 1059 1811 vel
1102 1760 1167 1811 de
1210 1761 1357 1832 ipsos
1390 1761 1606 1811 villares
1648 1761 1850 1812 ibidem
1891 1762 2061 1832 perti-

212 1858 423 1908 nenteS,
484 1847 752 1918 perditam
804 1849 1068 1900 habentes
1117 1849 1422 1912 habemus3
1468 1869 1634 1920 quare
1677 1869 1792 1900 eam
1842 1849 2060 1900 insimul

213 1936 706 1988 commendavimus
747 1937 814 1988 ad
859 1938 1167 1997 Lamberto,
1213 1938 1540 2008 presbitero,
1581 1949 1633 1988 et
1666 1937 1782 2008 ipse
1817 1948 2061 1989 mortuus

212 2024 313 2076 fuit
350 2035 506 2076 antea
541 2045 697 2096 quam
737 2025 908 2096 ipsam
944 2026 1269 2097 scripturam
1307 2027 1464 2077 nobis
1491 2026 1840 2087 reddidisset,
1880 2037 1932 2077 et
1965 2047 2061 2097 per

212 2114 352 2165 hanc
387 2114 727 2165 occasionem
755 2114 1023 2185 perditam
1058 2115 1339 2175 habemus,
1380 2126 1432 2165 et
1466 2115 1568 2166 hoc
1602 2115 1754 2165 vobis
1783 2115 2061 2187 cognitum

213 2212 313 2253 est..
356 2202 466 2253 Sed
499 2222 784 2273 precamur
809 2223 921 2264 vos,
954 2203 1150 2254 domne
1177 2203 1432 2264 Fredolo,
1472 2213 1620 2254 actor
1654 2202 1737 2253 vel
1772 2203 2061 2269 de[fe]nsa-

211 2300 316 2351 tor,
363 2310 482 2341 eum
516 2290 728 2361 judiees
765 2302 972 2342 vestros
1013 2291 1096 2342 vel
1132 2302 1449 2362 ceterasque
1475 2311 1756 2362 personas,
1787 2291 2060 2362 possessio

214 2389 398 2430 nostra
432 2399 529 2450 per
562 2380 701 2430 hane
729 2380 1070 2431 occasionem
1106 2400 1214 2431 non
1249 2385 1587 2451 rumpat[ur].

287 2469 438 2518 Tune
472 2467 587 2538 ipse
620 2467 854 2519 Fredolo
888 2468 970 2519 vel
999 2468 1089 2519 alii
1122 2469 1370 2519 homines
1399 2468 1652 2519 dixerunt
1686 2469 1873 2519 nobis:
1914 2471 2060 2519 Bene

214 2566 294 2606 est
321 2556 598 2628 cognitum
628 2556 682 2606 in
708 2557 933 2608 veritate
962 2557 1108 2628 quod
1143 2557 1219 2608 sic
1247 2568 1329 2608 est
1354 2557 1570 2617 veritas,
1611 2557 1756 2628 quod
1782 2577 1874 2608 vos
1902 2558 2059 2607 nobis

213 2644 545 2695 annuntiatis
581 2644 646 2695 de
685 2645 801 2716 ipsa
835 2645 1122 2717 scriptura.
1154 2645 1310 2698 Unde
1345 2645 1624 2697 laudamus
1657 2656 1730 2706 te,
1761 2645 1840 2696 vir
1873 2645 2058 2696 lauda-

214 2732 358 2793 bilis,
398 2732 651 2784 defensor
684 2733 938 2794 Fredolo,
977 2754 1077 2785 nee
1103 2755 1212 2785 non
1248 2745 1300 2785 et
1324 2754 1437 2794 vos,
1468 2734 1739 2794 honorati,
1772 2754 1875 2804 que
1904 2746 2058 2784 curas

214 2821 459 2891 publicas
480 2822 638 2893 agitis
660 2821 873 2873 assidue
888 2821 922 2882 Ξ,
954 2833 1012 2872 ut
1030 2823 1186 2873 istam
1213 2822 1573 2893 plancturiam
1594 2822 1806 2872 firmare
1828 2821 2054 2879 faciatis,

216 2908 487 2979 quomodo
537 2910 694 2960 nobis
744 2910 1109 2961 necessarium
1160 2910 1276 2961 suit.
1332 2911 1491 2961 Facta
1540 2910 1812 2981 planturia
1864 2930 1956 2960 seu
2007 2920 2056 2960 ct

275 3125 315 3164 1.
357 3121 560 3163 Clzcz'teau
589 3121 842 3178 (lundene,
873 3122 1103 3164 residence
1130 3122 1192 3164 (lec
1221 3124 1385 3165 vicczire
1412 3121 1475 3164 du
1504 3129 1660 3164 comte.

275 3191 315 3230 2.
353 3191 417 3230 La
444 3187 669 3230 tradition
694 3187 748 3230 de
776 3187 1172 3244 l'enregc'scremenl
1200 3190 1228 3231 (ὶ
1256 3189 1303 3231 la
1327 3190 1448 3231 curie
1475 3203 1533 3231 ou
1556 3189 1844 3231 ιῗηείηιιαιίοιι
1871 3195 1951 3242 est,
1980 3189 2054 3243 ici,

216 3269 382 3297 comme
423 3270 478 3297 on
514 3256 614 3308 voit,
655 3258 742 3296 ἰνὲε
779 3254 876 3296 bien
912 3256 1168 3311 ρωποι-νέες
1204 3255 1240 3297 il
1270 3256 1383 3297 u’est
1417 3254 1534 3297 donc
1566 3269 1656 3314 pas
1690 3261 1825 3296 exact
1851 3253 1905 3296 de
1941 3254 2052 3309 dire,

215 3335 317 3362 avec
353 3319 511 3363 Viollet
538 3320 721 3376 (Pre'cc's,
752 3322 808 3377 ll,
835 3337 884 3380 J).
906 3323 1019 3375 780),
1049 3337 1133 3379 que
1166 3339 1181 3361 α
1220 3328 1337 3364 toute
1369 3328 1491 3363 brace
1514 3324 1712 3362 cet‘tac'ne
1739 3319 2055 3376 d'enregistre-

214 3393 334 3427 ment
372 3388 399 3428 (ὶ
442 3385 487 3428 la
526 3387 647 3428 curie
695 3385 947 3446 disparuit,
994 3404 1039 3428 ce
1081 3387 1261 3443 semble,
1317 3387 1437 3429 dans
1479 3387 1525 3429 la
1566 3386 1757 3430 seconde
1794 3387 1950 3429 moitie'
1992 3385 2054 3428 du

214 3463 295 3494 vnc
319 3452 477 3496 siecle:
505 3451 541 3495 c'l
565 3453 661 3495 n'en
690 3460 818 3509 reste,
850 3455 875 3495 a
900 3469 1018 3510 coup
1048 3457 1139 3503 sur,
1173 3469 1324 3497 αιιειυι
1353 3453 1507 3496 ᾱέὸ1·ι’3
1531 3468 1592 3496 (ιιι
1619 3462 1667 3495 xe
1693 3451 1842 3495 siecle.
1873 3470 1889 3493 υ
