2259 3692
993 154 1288 204 —238-

216 278 511 349 capitulum
553 289 798 330 nostrum
834 290 886 330 et
921 279 1201 331 confessus
1241 291 1321 331 est
1356 301 1412 331 se
1445 301 1720 352 peccasse,
1758 294 1810 334 et
1843 285 1919 336 sic
1960 286 2061 337 ite-

214 387 331 418 rum
371 387 470 437 per
511 368 655 418 ΙΙΙΙ0ιῆ
681 367 932 419 denarios
968 388 995 420 a
1038 389 1093 419 se
1143 369 1307 440 capiti
1347 389 1442 420 suo
1484 372 1857 443 superpositos
1907 394 2061 425 reco-

212 475 482 526 gnoscens
532 475 650 506 esse
693 475 749 506 se
797 467 1043 508 nostrum
1085 477 1318 517 servum,
1366 457 1645 530 filiumque
1696 480 1851 512 suum
1901 483 2060 533 quem

212 543 384 594 solum
406 553 537 594 tunc
555 544 791 595 habebat
811 545 1059 596 similiter
1079 546 1396 618 recognovit
1420 567 1536 598 esse
1558 559 1803 600 nostrum
1825 570 2055 602 servum.

212 631 372 697 Quod
404 632 660 683 viderunt
686 643 739 684 et
773 633 1064 685 audierunt
1090 633 1142 704 (6
1172 636 1428 705 te'moins).

212 903 276 950 N0
306 904 441 955 172.
482 903 641 952 Libre
674 903 977 970 disposition
1002 904 1090 954 cles
1130 908 1343 972 66911ῤί3
1367 924 1487 955 Sans
1521 926 1621 974 que
1651 908 1719 957 les
1761 908 1967 974 enfants
1991 909 2058 957 du

274 983 539 1050 disposant
563 1003 598 1051 y
618 988 857 1050 puissent
888 984 1189 1051 pre'tendre.
1234 986 1449 1036 Contrat
1477 1010 1500 1032 ‹<
1530 1007 1584 1037 re
1614 1010 1635 1033 »
1669 989 1822 1054 (Vers
1853 991 2015 1054 1114.)

621 1160 753 1208 Bibl.
784 1161 873 1209 Ec.
905 1162 1135 1221 Chartes,
1168 1168 1206 1210 t.
1235 1164 1313 1222 36,
1344 1163 1456 1221 424,
1488 1172 1541 1210 n⁰
1568 1167 1647 1212 526.

286 1339 580 1389 Memoriae
606 1349 713 1390 tam
739 1341 1108 1410 praesentium
1129 1361 1288 1412 quam
1314 1352 1659 1412 posterorum
1681 1341 2059 1392 commendare

211 1427 409 1487 curavi,
450 1427 597 1498 quod
648 1447 748 1500 ego
791 1429 1109 1491 Petronilla,
1158 1450 1294 1501 quae
1329 1440 1459 1481 tunc
1507 1431 1609 1482 Dei
1656 1431 1828 1503 gratia
1869 1431 2057 1482 Fontis

210 1513 482 1566 Ebraudi'1
515 1515 815 1586 prioratum
846 1518 1119 1579 tenebam,
1159 1518 1284 1569 dum
1318 1539 1425 1570 uno
1470 1519 1556 1570 die
1601 1519 1744 1590 apud
1782 1519 2056 1591 Pignona-

207 1602 368 1654 riam²
422 1604 702 1674 paululum
760 1625 843 1656 me
900 1626 1250 1669 recreassem,
1314 1607 1688 1681 Helignandus
1747 1607 1811 1658 de
1869 1609 2055 1680 Longo

211 1693 413 1763 Campo
465 1703 517 1743 et
565 1693 828 1755 Elisabet,
865 1714 1000 1746 uxor
1043 1696 1342 1767 saepedicti
1389 1696 1645 1758 Aehardi,
1685 1717 1767 1747 me
1800 1696 2055 1747 visitandi

209 1781 382 1852 gratia
408 1781 612 1851 pariter
641 1781 707 1832 ad
741 1802 824 1833 me
857 1794 1143 1835 venerunt.
1187 1786 1433 1856 Cumque
1477 1786 1605 1836 satis
1644 1785 1800 1856 plura
1835 1784 2054 1834 dixisse—

208 1889 343 1930 mus,
390 1869 523 1920 haec
572 1870 717 1921 intea
768 1882 946 1922 cetera
996 1873 1100 1943 ipsi
1151 1873 1393 1924 Elisabet
1441 1874 1631 1925 reduxi
1682 1873 1958 1933 memorie,
1998 1883 2056 1923 ut

207 1956 348 2007 filius
396 1977 523 2008 suus
567 1959 881 2010 Buccardus
910 1960 1108 2011 domno
1143 1963 1206 2013 R.
1248 1972 1299 2012 et
1348 1962 1560 2013 feminis
1604 1963 1707 2013 sibi
1758 1961 2054 2032 subpositis

207 2045 534 2096 concederet
565 2056 766 2097 terram
795 2068 953 2118 quam
980 2059 1133 2118 pater
1159 2049 1272 2099 eius
1307 2050 1591 2101 Achardus
1626 2061 1678 2101 et
1712 2051 1828 2120 ipsa
1864 2069 2053 2120 perpe-

203 2143 297 2183 tuo
347 2133 423 2184 eis
471 2135 769 2185 tenendum
827 2147 1189 2188 concesserat.
1247 2141 1396 2204 Quae
1457 2140 1589 2189 meis
1638 2139 1820 2208 itaque
1873 2137 2053 2187 verbis

205 2222 581 2274 huiuscemodi
614 2224 777 2274 verba
820 2225 1104 2294 respondit
1144 2246 1152 2275 :
1194 2226 1317 2296 quia
1350 2227 1629 2297 praedicta
1670 2237 1815 2277 terra
1849 2225 1914 2276 de
1949 2245 2051 2275 em-

205 2310 392 2380 ptione
426 2330 521 2361 sua
554 2322 607 2361 et
640 2311 1007 2382 adquisitione
1034 2312 1229 2375 fuerat,
1263 2325 1315 2365 et
1350 2316 1435 2366 cui
1470 2316 1575 2386 ipsi
1603 2315 1904 2366 voluissent
1938 2333 2052 2364 eam

205 2397 376 2449 libere
418 2399 500 2449 vel
546 2399 727 2470 quiete
774 2400 901 2451 dare
951 2411 1041 2451 aut
1076 2401 1350 2454 dimittere
1398 2404 1724 2474 potuissent.
1765 2405 1917 2455 Tunc
1951 2421 2052 2473 ego

205 2486 521 2549 Petronilla,
560 2487 752 2538 nolens
788 2489 898 2539 suis
946 2489 1300 2560 adquiescere
1347 2491 1551 2554 dictis³,
1590 2491 1818 2543 consilio
1854 2490 2051 2541 amico-

206 2595 323 2625 rum
351 2586 663 2627 nostrorum
697 2587 749 2627 et
776 2597 872 2628 5110
899 2597 1122 2629 assensu
1144 2579 1210 2630 ad
1230 2579 1407 2631 10611111
1436 2582 1527 2652 qui
1560 2581 1721 2653 vulgo
1750 2579 2052 2630 Eseharbot

204 2663 507 2734 appellatur
546 2664 611 2715 de
664 2666 910 2735 patribus
946 2676 997 2716 et
1033 2667 1368 2719 secularibus
1411 2670 1722 2720 hominibus
1769 2667 1928 2718 huius
1974 2666 2049 2715 rei

203 2752 377 2821 gratia
407 2752 702 2814 transmisi,
742 2773 973 2824 quorum
1006 2774 1145 2805 unus
1174 2757 1483 2808 Bernardus
1505 2757 1570 2807 de
1600 2755 1913 2827 Saponariis
1938 2795 2044 2804 .....

204 2840 281 2889 ibi
306 2839 573 2902 interfuit,
601 2841 692 2911 qui
726 2840 836 2891 filio
873 2862 969 2893 suo
1006 2843 1289 2894 Buccardo
1310 2865 1403 2895 sex
1427 2845 1678 2896 denarios
1706 2864 1805 2915 pro
1834 2861 2048 2893 conces-

205 2928 357 2979 sione
385 2927 622 2989 donavit,
661 2929 761 2979 sub
789 2930 1020 2980 testibus
1055 2930 1172 2980 istis
1195 2930 1247 3001 (9
1283 2935 1445 2984 nones]

1432 2975 1465 3002 l.

262 3253 301 3292 1.
339 3249 645 3292 Fontem-aad.

262 3318 303 3356 2.
339 3319 405 3357 La
427 3317 711 3372 ΡίὸνηοηίὲιἛ,
741 3318 846 3373 pres
873 3315 1110 3371 d’Angers.

261 3384 300 3422 3.
343 3381 528 3423 (lfa-d.
558 3397 609 3422 ne
637 3397 700 3422 me
728 3388 992 3423 contentam
1012 3397 1104 3440 pas
1125 3380 1178 3423 de
1205 3388 1314 3422 cette
1339 3380 1628 3422 declaration
