2259 3692
963 245 1254 294 ——165—

192 385 373 424 nostra
400 384 498 433 est,
529 372 854 423 absolvimus
871 371 1214 433 sancitiumss,
1246 391 1304 421 ca
1331 391 1457 421 vcro
1492 372 1763 432 firmitate,
1789 383 1846 423 ut
1870 392 2027 442 quam

191 461 532 532 postmodum
560 481 587 510 a
621 459 755 510 nulli
781 458 1042 510 heredum
1070 468 1380 508 nostrorum
1406 459 1488 509 vel
1514 459 1880 529 proheredum
1910 480 2028 510 nos-

190 561 396 599 trorum
447 548 669 607 nemini,
724 547 1013 618 quicquam
1056 545 1252 597 debeat
1293 546 1533 616 plenitus
1584 548 1878 607 servitutis,
1928 567 2027 598 nec

191 637 456 687 libertatis
482 636 728 707 gratiam,
753 654 852 685 nec
878 634 988 684 ullo
1016 653 1152 683 onus
1178 634 1569 704 patrocinatus,
1601 635 1705 685 nisi
1735 635 1800 685 ad
1823 636 1877 685 S.
1913 637 2026 686 Ste-

191 725 448 795 phanum,
480 723 633 774 annis
667 722 914 793 singulis,
954 721 1242 772 festivitate
1280 723 1334 772 S.
1369 722 1651 792 Stephani,
1692 722 1943 773 denarios
1978 725 2023 774 II

194 812 478 882 persolvat.
515 812 579 861 Et
598 811 641 861 si
676 810 740 861 de
774 810 892 879 ipso
920 829 1082 860 censo
1118 809 1403 881 negligens
1430 820 1520 860 aut
1552 809 1739 860 tardus
1767 830 2024 880 apparue-

192 900 283 959 ris,
330 919 448 950 cum
489 898 592 949 fide
643 898 779 948 facta
822 897 876 947 in
919 897 1141 967 duplum
1184 907 1536 958 restauratus,
1575 897 1849 967 peculiare
1899 918 2024 948 vero

194 987 338 1058 quod
377 987 562 1046 habes,
595 996 684 1036 aut
728 984 1015 1055 adquirere
1057 985 1283 1055 poteris,
1322 996 1500 1035 tecum
1547 1005 1768 1036 censum
1801 986 2020 1047 habeas,

192 1074 257 1125 ad
276 1073 580 1125 faciendum
609 1072 754 1143 quod
779 1073 1032 1123 volueris,
1061 1074 1126 1123 Et
1153 1073 1196 1123 si
1224 1073 1401 1143 aliqua
1428 1074 1709 1145 generatio
1736 1094 1800 1124 ex
1824 1085 1876 1123 tc
1903 1084 2025 1124 nata

190 1162 271 1212 vel
305 1171 587 1232 procreata
621 1161 801 1221 suerit,
840 1161 894 1210 in
930 1161 1044 1230 ipsa
1079 1161 1416 1232 ingenuitate
1443 1172 1775 1232 permaneat,
1809 1162 1948 1212 sicut
1975 1172 2027 1212 et

190 1261 265 1301 tu.
303 1250 687 1300 Defensionem
710 1268 837 1299 vero
872 1268 980 1298 non
1013 1248 1168 1299 aliter
1200 1249 1302 1299 tibi
1335 1247 1559 1309 affirmo,
1591 1250 1696 1300 nisi
1721 1249 1787 1300 ad
1817 1252 1870 1301 S.
1913 1252 2026 1301 Ste-

191 1339 447 1408 phanum,
477 1337 560 1387 vel
596 1337 676 1387 sui
703 1346 962 1397 rectores,
1003 1346 1054 1387 et
1081 1336 1147 1386 ad
1173 1337 1387 1387 nemine
1423 1338 1491 1387 sit
1524 1338 1625 1387 tibi
1651 1337 2024 1388 contradicen-

193 1426 337 1485 dum,
376 1425 470 1475 sed
516 1424 677 1475 facies
705 1424 770 1474 de
803 1434 855 1474 te
883 1424 936 1474 in
972 1424 1222 1474 omnibus
1258 1425 1519 1495 quicquid
1552 1425 1652 1475 tibi
1679 1425 1945 1495 placuerit
1972 1436 2025 1476 et

191 1513 406 1583 expedit
441 1512 690 1562 faciendi.
726 1513 790 1562 Et
817 1512 948 1561 haec
984 1512 1291 1583 ingenuitas
1328 1512 1476 1563 firma
1513 1513 1659 1563 omni
1691 1523 1936 1583 tempore
1972 1524 2024 1563 ct

191 1601 396 1651 stabilis
422 1610 752 1670 permaneat,
791 1599 1138 1669 stipulatione
1175 1600 1419 1650 subnixa.
1445 1599 1639 1650 Actum
1673 1601 1888 1651 Divion.
1915 1621 2023 1652 cas-

187 1700 347 1739 trum.
389 1689 616 1759 Signum
649 1687 909 1740 Vulsredo
944 1698 996 1737 et
1038 1688 1220 1738 uxoris
1255 1708 1380 1739 suae
1420 1689 1724 1749 TeudradO,
1758 1689 1850 1759 qui
1884 1690 2023 1740 hanc

190 1777 577 1849 ingenuitatem
609 1795 708 1846 pro
735 1775 975 1826 remedio
1010 1776 1308 1826 animarum
1343 1796 1560 1827 suarum
1594 1776 1712 1828 fieri
1737 1787 1789 1827 et
1821 1777 2023 1828 firmari

189 1874 529 1935 rogaverunt.
558 1866 613 1915 S.
653 1863 864 1914 Ailbert
898 1863 990 1934 qui
1016 1865 1309 1924 consensit,
1351 1865 1579 1936 Signum
1606 1864 1658 1935 (6
1692 1867 1873 1934 nones).
1908 1867 2022 1937 Ego

192 1953 449 2004 Hebeltus
483 1953 662 2003 Levita
689 1952 882 2022 scripsi
916 1962 967 2002 et
1002 1952 1319 2023 subscripsi.
1352 1954 1549 2003 Datum
1593 1953 1680 2003 die
1724 1953 2016 2015 dominico,

189 2042 242 2092 in
268 2060 450 2091 mense
483 2040 796 2100 Febroario,
836 2059 976 2114 anno
1003 2040 1178 2110 primo
1205 2051 1467 2112 regnante
1504 2041 1694 2092 Odone
1723 2043 1889 2112 Rege.

185 2286 249 2333 ΝΟ
278 2290 409 2335 113.
454 2284 644 2332 Charta
684 2285 745 2334 cle
786 2285 1027 2335 donation
1067 2286 1127 2336 cle
1168 2287 1314 2337 hiens
1360 2290 1556 2354 faisant
1599 2290 1775 2356 partie
1823 2291 1884 2340 cle
1930 2310 2021 2340 son

247 2365 456 2413 (Iouaire
474 2382 577 2430 par
612 2383 706 2413 une
740 2384 895 2415 veuve
921 2367 1209 2417 alamanne.
1246 2371 1463 2418 Res-erue
1489 2370 1548 2419 (Ie
1577 2371 1623 2419 la
1642 2373 1933 2437 possession
1961 2372 2023 2421 de

251 2464 330 2494 ces
356 2445 519 2505 hicn-9,
548 2448 575 2493 ἐι
604 2463 719 2493 cens
746 2447 878 2503 ehclc
916 2448 961 2496 Ia
987 2448 1181 2512 faculle'
1217 2449 1277 2497 (Ie
1307 2450 1376 2498 les
1411 2452 1663 2513 racheler,
1691 2470 1830 2517 pour
1855 2453 1949 2501 elle
1976 2460 2023 2501 el

255 2526 322 2574 les
356 2526 591 2574 hcriliers
625 2526 685 2574 (le
713 2545 800 2574 son
831 2528 979 2588 mari,
1011 2538 1321 2595 moyennanl
1349 2539 1602 2597 quaranta
1628 2532 1781 2580 solidi
1809 2533 2021 2598 (chiffre

253 2606 389 2671 le'fsal
411 2606 471 2655 de
499 2606 543 2654 la
572 2606 692 2672 slot).
727 2607 858 2655 Cen-s·
886 2610 1248 2675 rec-ofsnilifcle
1268 2612 1549 2677 propridte.
1583 2613 1700 2676 (An.
1732 2615 1864 2677 890.)

220 2759 538 2812 Vk'artmann,
573 2759 695 2806 Urk.
727 2761 777 2806 S.
808 2760 1001 2817 Gallen,
1036 2762 1097 2819 II,
1131 2764 1240 2820 282,
1273 2770 1325 2809 n⁰
1350 2765 1461 2821 681,
1494 2770 1541 2811 et
1569 2764 1795 2823 Loersch,
1828 2773 1879 2812 n⁰
1906 2766 1985 2813 73.

790 2913 1031 2964 Traditio
1068 2914 1408 2966 lfflimiltrudis

259 3074 314 3122 In
350 3072 554 3136 Christi
582 3073 818 3131 nomine,
862 3074 975 3143 Ego
1013 3073 1362 3133 I‘liiniltlffud,
1397 3075 1640 3143 cogitans
1685 3076 2021 3126 incertitudi-

184 3179 304 3209 nem
338 3160 608 3229 prcsentis
635 3159 760 3220 vite,
793 3180 911 3210 cum
940 3180 1099 3210 manu
1133 3160 1376 3212 advocati
1404 3161 1531 3212 mei¹
1560 3163 1838 3214 lleribaldi
1866 3163 2020 3215 trado

243 3344 280 3393 a)
311 3340 399 3381 Lis.
433 3340 686 3380 servitium.

244 3446 282 3486 1.
319 3443 483 3491 Avone',
511 3442 693 3501 parsoc's
719 3449 881 3485 tutem.
