<?xml version="1.0" encoding="UTF-8"?>
<!DOCTYPE html PUBLIC "-//W3C//DTD XHTML 1.0 Transitional//EN"
    "http://www.w3.org/TR/xhtml1/DTD/xhtml1-transitional.dtd">
<html xmlns="http://www.w3.org/1999/xhtml" xml:lang="en" lang="en">
 <head>
  <title>
</title>
<meta http-equiv="Content-Type" content="text/html;charset=utf-8" />
  <meta name='ocr-system' content='tesseract 3.04.00' />
  <meta name='ocr-capabilities' content='ocr_page ocr_carea ocr_par ocr_line ocrx_word'/>
</head>
<body>
  <div class='ocr_page' id='page_1' title='image "./textesrelatifsau00thuoft_0213.png"; bbox 0 0 2259 3692; ppageno 0'>
   <div class='ocr_carea' id='block_1_1' title="bbox 1017 218 1310 269">
    <p class='ocr_par' dir='ltr' id='par_1_1' title="bbox 1017 218 1310 269">
     <span class='ocr_line' id='line_1_1' title="bbox 1017 218 1310 269; baseline 0.003 -1"><span class='ocrx_word' id='word_1_1' title='bbox 1017 218 1310 269; x_wconf 79' lang='lat'>—193—</span> 
     </span>
    </p>
   </div>
   <div class='ocr_carea' id='block_1_2' title="bbox 246 346 2088 510">
    <p class='ocr_par' dir='ltr' id='par_1_2' title="bbox 246 346 2088 510">
     <span class='ocr_line' id='line_1_2' title="bbox 246 346 2079 421; baseline -0.004 -18"><span class='ocrx_word' id='word_1_2' title='bbox 246 350 474 403; x_wconf 85' lang='lat' dir='ltr'>comitis.</span> <span class='ocrx_word' id='word_1_3' title='bbox 517 351 572 402; x_wconf 86' lang='lat' dir='ltr'>S.</span> <span class='ocrx_word' id='word_1_4' title='bbox 610 348 860 421; x_wconf 78' lang='lat' dir='ltr'>Algaudi.</span> <span class='ocrx_word' id='word_1_5' title='bbox 905 350 959 399; x_wconf 93' lang='lat' dir='ltr'>S.</span> <span class='ocrx_word' id='word_1_6' title='bbox 995 346 1308 418; x_wconf 62' lang='lat' dir='ltr'>Oydclardi.</span> <span class='ocrx_word' id='word_1_7' title='bbox 1359 350 1412 397; x_wconf 88' lang='lat' dir='ltr'>S.</span> <span class='ocrx_word' id='word_1_8' title='bbox 1459 346 1721 397; x_wconf 82' lang='lat' dir='ltr'>&#39;scod‹›11i.</span> <span class='ocrx_word' id='word_1_9' title='bbox 1763 351 1818 397; x_wconf 88' lang='lat' dir='ltr'>S.</span> <span class='ocrx_word' id='word_1_10' title='bbox 1859 347 2079 416; x_wconf 72' lang='lat' dir='ltr'>Aquini.</span> 
     </span>
     <span class='ocr_line' id='line_1_3' title="bbox 247 434 2088 510; baseline -0.003 -20"><span class='ocrx_word' id='word_1_11' title='bbox 247 441 302 491; x_wconf 91' lang='lat' dir='ltr'>S.</span> <span class='ocrx_word' id='word_1_12' title='bbox 349 436 640 510; x_wconf 82' lang='lat' dir='ltr'>Ingelardi.</span> <span class='ocrx_word' id='word_1_13' title='bbox 689 439 745 488; x_wconf 89' lang='lat' dir='ltr'>S.</span> <span class='ocrx_word' id='word_1_14' title='bbox 802 435 1172 507; x_wconf 79' lang='lat' dir='ltr'>Romcstagni.</span> <span class='ocrx_word' id='word_1_15' title='bbox 1223 436 1277 485; x_wconf 90' lang='lat' dir='ltr'>S.</span> <span class='ocrx_word' id='word_1_16' title='bbox 1328 434 1564 505; x_wconf 50' lang='lat' dir='ltr'>I‘Iugoni.</span> <span class='ocrx_word' id='word_1_17' title='bbox 1604 436 1738 484; x_wconf 89' lang='lat' dir='ltr'>Data</span> <span class='ocrx_word' id='word_1_18' title='bbox 1788 454 1885 504; x_wconf 86' lang='lat' dir='ltr'>per</span> <span class='ocrx_word' id='word_1_19' title='bbox 1928 453 2088 485; x_wconf 92' lang='lat' dir='ltr'>manu</span> 
     </span>
    </p>
   </div>
   <div class='ocr_carea' id='block_1_3' title="bbox 245 501 2114 593">
    <p class='ocr_par' dir='ltr' id='par_1_3' title="bbox 245 501 2114 593">
     <span class='ocr_line' id='line_1_4' title="bbox 245 501 2114 593; baseline -0.003 -16"><span class='ocrx_word' id='word_1_20' title='bbox 245 525 491 586; x_wconf 87' lang='lat' dir='ltr'>Berardi,</span> <span class='ocrx_word' id='word_1_21' title='bbox 539 526 638 576; x_wconf 88' lang='lat' dir='ltr'>sub</span> <span class='ocrx_word' id='word_1_22' title='bbox 674 524 760 575; x_wconf 89' lang='lat' dir='ltr'>die</span> <span class='ocrx_word' id='word_1_23' title='bbox 806 523 1050 584; x_wconf 87' lang='lat' dir='ltr'>Sabbati,</span> <span class='ocrx_word' id='word_1_24' title='bbox 1097 523 1194 573; x_wconf 92' lang='lat' dir='ltr'>XII</span> <span class='ocrx_word' id='word_1_25' title='bbox 1236 521 1508 573; x_wconf 81' lang='lat' dir='ltr'>Kalendas</span> <span class='ocrx_word' id='word_1_26' title='bbox 1550 522 1732 593; x_wconf 80' lang='lat' dir='ltr'>magii,</span> <span class='ocrx_word' id='word_1_27' title='bbox 1780 541 1920 572; x_wconf 92' lang='lat' dir='ltr'>anno</span> <span class='ocrx_word' id='word_1_28' title='bbox 1962 501 2114 572; x_wconf 36' lang='lat' dir='ltr'>XIII*</span> 
     </span>
    </p>
   </div>
   <div class='ocr_carea' id='block_1_4' title="bbox 245 611 1013 686">
    <p class='ocr_par' dir='ltr' id='par_1_4' title="bbox 245 611 1013 686">
     <span class='ocr_line' id='line_1_5' title="bbox 245 611 1013 686; baseline -0.004 -21"><span class='ocrx_word' id='word_1_29' title='bbox 245 623 509 686; x_wconf 84' lang='lat' dir='ltr'><strong>regnante</strong></span> <span class='ocrx_word' id='word_1_30' title='bbox 537 612 823 664; x_wconf 84' lang='lat' dir='ltr'>Hluclovici</span> <span class='ocrx_word' id='word_1_31' title='bbox 849 611 1013 684; x_wconf 82' lang='lat' dir='ltr'>regis.</span> 
     </span>
    </p>
   </div>
   <div class='ocr_carea' id='block_1_5' title="bbox 248 857 2094 1169">
    <p class='ocr_par' dir='ltr' id='par_1_5' title="bbox 248 857 2094 1169">
     <span class='ocr_line' id='line_1_6' title="bbox 248 857 2090 924; baseline -0.002 -14"><span class='ocrx_word' id='word_1_32' title='bbox 248 863 314 910; x_wconf 86' lang='lat' dir='ltr'>N⁰</span> <span class='ocrx_word' id='word_1_33' title='bbox 343 867 475 914; x_wconf 84' lang='lat'>132.</span> <span class='ocrx_word' id='word_1_34' title='bbox 516 860 774 910; x_wconf 80' lang='lat' dir='ltr'>Donation</span> <span class='ocrx_word' id='word_1_35' title='bbox 798 863 828 909; x_wconf 78' lang='grc' dir='ltr'>ἐι</span> <span class='ocrx_word' id='word_1_36' title='bbox 867 877 934 908; x_wconf 84' lang='lat' dir='ltr'>un</span> <span class='ocrx_word' id='word_1_37' title='bbox 974 859 1261 908; x_wconf 69' lang='lat' dir='ltr'>monastere</span> <span class='ocrx_word' id='word_1_38' title='bbox 1301 876 1424 907; x_wconf 78' lang='lat' dir='ltr'>avec</span> <span class='ocrx_word' id='word_1_39' title='bbox 1461 859 1663 907; x_wconf 67' lang='lat' dir='ltr'>reserve</span> <span class='ocrx_word' id='word_1_40' title='bbox 1702 857 1987 924; x_wconf 75' lang='lat' dir='ltr'>cI’u-sufruit</span> <span class='ocrx_word' id='word_1_41' title='bbox 2026 877 2090 907; x_wconf 81' lang='lat' dir='ltr'>au</span> 
     </span>
     <span class='ocr_line' id='line_1_7' title="bbox 310 938 2091 1010; baseline -0.002 -19"><span class='ocrx_word' id='word_1_42' title='bbox 310 944 473 1010; x_wconf 78' lang='lat' dir='ltr'>profit</span> <span class='ocrx_word' id='word_1_43' title='bbox 513 941 573 991; x_wconf 81' lang='lat' dir='ltr'>de</span> <span class='ocrx_word' id='word_1_44' title='bbox 602 942 647 990; x_wconf 80' lang='lat' dir='ltr'>Ia</span> <span class='ocrx_word' id='word_1_45' title='bbox 684 942 873 1007; x_wconf 84' lang='lat' dir='ltr'>femme</span> <span class='ocrx_word' id='word_1_46' title='bbox 914 939 979 988; x_wconf 77' lang='lat' dir='ltr'>(Iu</span> <span class='ocrx_word' id='word_1_47' title='bbox 1022 939 1274 989; x_wconf 75' lang='lat' dir='ltr'>‹Ionateur</span> <span class='ocrx_word' id='word_1_48' title='bbox 1318 939 1412 1007; x_wconf 77' lang='lat' dir='ltr'>qui</span> <span class='ocrx_word' id='word_1_49' title='bbox 1435 938 1591 988; x_wconf 79' lang='lat' dir='ltr'>deora</span> <span class='ocrx_word' id='word_1_50' title='bbox 1626 957 1799 1007; x_wconf 73' lang='lat' dir='ltr'>payer</span> <span class='ocrx_word' id='word_1_51' title='bbox 1841 958 1908 987; x_wconf 83' lang='lat' dir='ltr'>un</span> <span class='ocrx_word' id='word_1_52' title='bbox 1955 957 2091 1000; x_wconf 60' lang='lat' dir='ltr'>cens,</span> 
     </span>
     <span class='ocr_line' id='line_1_8' title="bbox 312 1019 2094 1088; baseline -0.001 -18"><span class='ocrx_word' id='word_1_53' title='bbox 312 1025 458 1072; x_wconf 72' lang='lat' dir='ltr'>sinon</span> <span class='ocrx_word' id='word_1_54' title='bbox 497 1026 602 1072; x_wconf 65' lang='lat' dir='ltr'>ecre</span> <span class='ocrx_word' id='word_1_55' title='bbox 649 1020 967 1088; x_wconf 65' lang='lat' dir='ltr'>deposse&#39;de&#39;e.</span> <span class='ocrx_word' id='word_1_56' title='bbox 1021 1021 1346 1069; x_wconf 70' lang='lat' dir='ltr'>Eoee&#39;cuteurs</span> <span class='ocrx_word' id='word_1_57' title='bbox 1394 1019 1455 1069; x_wconf 80' lang='lat' dir='ltr'>cle</span> <span class='ocrx_word' id='word_1_58' title='bbox 1494 1020 1539 1069; x_wconf 74' lang='lat' dir='ltr'>la</span> <span class='ocrx_word' id='word_1_59' title='bbox 1587 1020 1845 1070; x_wconf 75' lang='lat' dir='ltr'>(Ionation.</span> <span class='ocrx_word' id='word_1_60' title='bbox 1903 1019 2094 1069; x_wconf 76' lang='lat' dir='ltr'>Charte</span> 
     </span>
     <span class='ocr_line' id='line_1_9' title="bbox 316 1101 1900 1169; baseline -0.003 -16"><span class='ocrx_word' id='word_1_61' title='bbox 316 1128 336 1148; x_wconf 89' lang='lat'>«</span> <span class='ocrx_word' id='word_1_62' title='bbox 368 1104 501 1153; x_wconf 81' lang='lat' dir='ltr'>leve&#39;e</span> <span class='ocrx_word' id='word_1_63' title='bbox 528 1121 589 1153; x_wconf 86' lang='lat' dir='ltr'>en</span> <span class='ocrx_word' id='word_1_64' title='bbox 606 1102 753 1169; x_wconf 80' lang='lat' dir='ltr'>plein</span> <span class='ocrx_word' id='word_1_65' title='bbox 779 1101 904 1151; x_wconf 79' lang='lat' dir='ltr'>mall</span> <span class='ocrx_word' id='word_1_66' title='bbox 932 1123 973 1151; x_wconf 89' lang='lat'>».</span> <span class='ocrx_word' id='word_1_67' title='bbox 1003 1101 1153 1151; x_wconf 77' lang='lat' dir='ltr'>Droit</span> <span class='ocrx_word' id='word_1_68' title='bbox 1177 1101 1341 1167; x_wconf 65' lang='lat' dir='ltr'>franls</span> <span class='ocrx_word' id='word_1_69' title='bbox 1363 1101 1584 1169; x_wconf 72' lang='lat' dir='ltr'>salique.</span> <span class='ocrx_word' id='word_1_70' title='bbox 1618 1101 1736 1166; x_wconf 86' lang='lat' dir='ltr'>(An.</span> <span class='ocrx_word' id='word_1_71' title='bbox 1765 1102 1900 1166; x_wconf 81' lang='lat'>957.)</span> 
     </span>
    </p>
   </div>
   <div class='ocr_carea' id='block_1_6' title="bbox 415 1254 1929 1320">
    <p class='ocr_par' dir='ltr' id='par_1_6' title="bbox 415 1254 1929 1320">
     <span class='ocr_line' id='line_1_10' title="bbox 415 1254 1929 1320; baseline 0 -16"><span class='ocrx_word' id='word_1_72' title='bbox 415 1257 549 1305; x_wconf 85' lang='lat' dir='ltr'>Hist.</span> <span class='ocrx_word' id='word_1_73' title='bbox 581 1257 754 1320; x_wconf 76' lang='lat' dir='ltr'>gener.</span> <span class='ocrx_word' id='word_1_74' title='bbox 785 1256 847 1304; x_wconf 91' lang='lat' dir='ltr'>de</span> <span class='ocrx_word' id='word_1_75' title='bbox 875 1254 1024 1314; x_wconf 84' lang='lat' dir='ltr'>Metz,</span> <span class='ocrx_word' id='word_1_76' title='bbox 1057 1255 1075 1302; x_wconf 92' lang='lat' dir='ltr'>I</span> <span class='ocrx_word' id='word_1_77' title='bbox 1104 1254 1294 1303; x_wconf 88' lang='lat' dir='ltr'>Preuv.</span> <span class='ocrx_word' id='word_1_78' title='bbox 1324 1255 1402 1314; x_wconf 86' lang='lat'>70,</span> <span class='ocrx_word' id='word_1_79' title='bbox 1434 1260 1484 1303; x_wconf 77' lang='lat' dir='ltr'>et</span> <span class='ocrx_word' id='word_1_80' title='bbox 1509 1254 1738 1308; x_wconf 78' lang='lat' dir='ltr'>Loerseh,</span> <span class='ocrx_word' id='word_1_81' title='bbox 1770 1263 1823 1302; x_wconf 79' lang='lat'>110</span> <span class='ocrx_word' id='word_1_82' title='bbox 1849 1257 1929 1304; x_wconf 88' lang='lat'>77.</span> 
     </span>
    </p>
   </div>
   <div class='ocr_carea' id='block_1_7' title="bbox 252 1409 2111 3584">
    <p class='ocr_par' dir='ltr' id='par_1_7' title="bbox 252 1409 2111 3509">
     <span class='ocr_line' id='line_1_11' title="bbox 325 1409 2098 1484; baseline 0 -21"><span class='ocrx_word' id='word_1_83' title='bbox 325 1415 598 1479; x_wconf 86' lang='lat' dir='ltr'>Quantum</span> <span class='ocrx_word' id='word_1_84' title='bbox 641 1411 908 1463; x_wconf 91' lang='lat' dir='ltr'>humanus</span> <span class='ocrx_word' id='word_1_85' title='bbox 941 1409 1251 1462; x_wconf 88' lang='lat' dir='ltr'>intellectus</span> <span class='ocrx_word' id='word_1_86' title='bbox 1283 1410 1423 1462; x_wconf 85' lang='lat' dir='ltr'>valet</span> <span class='ocrx_word' id='word_1_87' title='bbox 1461 1420 1640 1462; x_wconf 92' lang='lat' dir='ltr'>mente</span> <span class='ocrx_word' id='word_1_88' title='bbox 1674 1411 1851 1483; x_wconf 82' lang='lat' dir='ltr'>sagaci</span> <span class='ocrx_word' id='word_1_89' title='bbox 1888 1412 2098 1484; x_wconf 84' lang='lat' dir='ltr'>excogi-</span> 
     </span>
     <span class='ocr_line' id='line_1_12' title="bbox 252 1498 2098 1570; baseline -0.001 -18"><span class='ocrx_word' id='word_1_90' title='bbox 252 1511 385 1561; x_wconf 76' lang='lat' dir='ltr'>tare,</span> <span class='ocrx_word' id='word_1_91' title='bbox 425 1509 641 1570; x_wconf 79' lang='lat' dir='ltr'>oportet</span> <span class='ocrx_word' id='word_1_92' title='bbox 667 1509 724 1550; x_wconf 95' lang='lat' dir='ltr'>ut</span> <span class='ocrx_word' id='word_1_93' title='bbox 751 1499 1126 1569; x_wconf 87' lang='lat' dir='ltr'>unusquisque</span> <span class='ocrx_word' id='word_1_94' title='bbox 1154 1518 1253 1569; x_wconf 86' lang='lat' dir='ltr'>pro</span> <span class='ocrx_word' id='word_1_95' title='bbox 1281 1498 1450 1549; x_wconf 91' lang='lat' dir='ltr'>salute</span> <span class='ocrx_word' id='word_1_96' title='bbox 1478 1499 1685 1550; x_wconf 87' lang='lat' dir='ltr'>animae</span> <span class='ocrx_word' id='word_1_97' title='bbox 1714 1519 1839 1550; x_wconf 92' lang='lat' dir='ltr'>suae</span> <span class='ocrx_word' id='word_1_98' title='bbox 1868 1499 2098 1551; x_wconf 77' lang='lat' dir='ltr'>sollicite</span> 
     </span>
     <span class='ocr_line' id='line_1_13' title="bbox 254 1585 2100 1660; baseline 0.001 -21"><span class='ocrx_word' id='word_1_99' title='bbox 254 1587 493 1660; x_wconf 82' lang='lat' dir='ltr'>evigilet,</span> <span class='ocrx_word' id='word_1_100' title='bbox 515 1587 768 1658; x_wconf 82' lang='lat' dir='ltr'>quatinus</span> <span class='ocrx_word' id='word_1_101' title='bbox 804 1586 1083 1637; x_wconf 81' lang='lat' dir='ltr'>districtus</span> <span class='ocrx_word' id='word_1_102' title='bbox 1118 1585 1279 1637; x_wconf 86' lang='lat' dir='ltr'>iudex</span> <span class='ocrx_word' id='word_1_103' title='bbox 1321 1587 1593 1637; x_wconf 86' lang='lat' dir='ltr'>neminem</span> <span class='ocrx_word' id='word_1_104' title='bbox 1634 1588 1846 1658; x_wconf 89' lang='lat' dir='ltr'>reperia</span> <span class='ocrx_word' id='word_1_105' title='bbox 1874 1588 2100 1659; x_wconf 90' lang='lat' dir='ltr'>impara-</span> 
     </span>
     <span class='ocr_line' id='line_1_14' title="bbox 254 1674 2102 1748; baseline 0.001 -22"><span class='ocrx_word' id='word_1_106' title='bbox 254 1686 388 1737; x_wconf 84' lang='lat' dir='ltr'>tum,</span> <span class='ocrx_word' id='word_1_107' title='bbox 429 1675 554 1726; x_wconf 92' lang='lat' dir='ltr'>dum</span> <span class='ocrx_word' id='word_1_108' title='bbox 587 1675 816 1735; x_wconf 76' lang='lat' dir='ltr'>venerit,</span> <span class='ocrx_word' id='word_1_109' title='bbox 848 1685 900 1725; x_wconf 93' lang='lat' dir='ltr'>et</span> <span class='ocrx_word' id='word_1_110' title='bbox 928 1695 994 1725; x_wconf 88' lang='lat' dir='ltr'>ne</span> <span class='ocrx_word' id='word_1_111' title='bbox 1028 1675 1266 1725; x_wconf 77' lang='lat' dir='ltr'>inveniat</span> <span class='ocrx_word' id='word_1_112' title='bbox 1294 1674 1440 1745; x_wconf 89' lang='lat' dir='ltr'>quod</span> <span class='ocrx_word' id='word_1_113' title='bbox 1475 1674 1750 1746; x_wconf 85' lang='lat' dir='ltr'>dampnet,</span> <span class='ocrx_word' id='word_1_114' title='bbox 1794 1676 1888 1727; x_wconf 91' lang='lat' dir='ltr'>sed</span> <span class='ocrx_word' id='word_1_115' title='bbox 1921 1678 2102 1748; x_wconf 86' lang='lat' dir='ltr'>potius</span> 
     </span>
     <span class='ocr_line' id='line_1_15' title="bbox 257 1763 2102 1836; baseline 0.001 -21"><span class='ocrx_word' id='word_1_116' title='bbox 257 1763 404 1834; x_wconf 89' lang='lat' dir='ltr'>quod</span> <span class='ocrx_word' id='word_1_117' title='bbox 453 1773 711 1826; x_wconf 82' lang='lat' dir='ltr'>coronet3</span> <span class='ocrx_word' id='word_1_118' title='bbox 762 1763 865 1814; x_wconf 89' lang='lat' dir='ltr'>hoc</span> <span class='ocrx_word' id='word_1_119' title='bbox 916 1773 996 1814; x_wconf 93' lang='lat' dir='ltr'>est</span> <span class='ocrx_word' id='word_1_120' title='bbox 1043 1773 1101 1814; x_wconf 93' lang='lat' dir='ltr'>ut</span> <span class='ocrx_word' id='word_1_121' title='bbox 1149 1763 1544 1834; x_wconf 81' lang='lat' dir='ltr'>unusquisque,</span> <span class='ocrx_word' id='word_1_122' title='bbox 1599 1763 1725 1814; x_wconf 91' lang='lat' dir='ltr'>dum</span> <span class='ocrx_word' id='word_1_123' title='bbox 1760 1764 1814 1814; x_wconf 94' lang='lat' dir='ltr'>in</span> <span class='ocrx_word' id='word_1_124' title='bbox 1849 1766 2102 1836; x_wconf 88' lang='lat' dir='ltr'>propriae</span> 
     </span>
     <span class='ocr_line' id='line_1_16' title="bbox 256 1851 2103 1912; baseline 0.002 -10"><span class='ocrx_word' id='word_1_125' title='bbox 256 1851 527 1902; x_wconf 84' lang='lat' dir='ltr'>libertatis</span> <span class='ocrx_word' id='word_1_126' title='bbox 563 1851 812 1902; x_wconf 86' lang='lat' dir='ltr'>subsistit</span> <span class='ocrx_word' id='word_1_127' title='bbox 845 1851 982 1912; x_wconf 90' lang='lat' dir='ltr'>iure,</span> <span class='ocrx_word' id='word_1_128' title='bbox 1023 1851 1087 1902; x_wconf 88' lang='lat' dir='ltr'>de</span> <span class='ocrx_word' id='word_1_129' title='bbox 1123 1851 1340 1902; x_wconf 84' lang='lat' dir='ltr'>caducis</span> <span class='ocrx_word' id='word_1_130' title='bbox 1375 1861 1427 1902; x_wconf 86' lang='lat' dir='ltr'>et</span> <span class='ocrx_word' id='word_1_131' title='bbox 1459 1852 1789 1903; x_wconf 84' lang='lat' dir='ltr'>transitoriis</span> <span class='ocrx_word' id='word_1_132' title='bbox 1816 1853 1871 1903; x_wconf 92' lang='lat' dir='ltr'>in</span> <span class='ocrx_word' id='word_1_133' title='bbox 1905 1863 2103 1905; x_wconf 70' lang='lat' dir='ltr'>setcrna</span> 
     </span>
     <span class='ocr_line' id='line_1_17' title="bbox 254 1939 2103 2011; baseline 0.002 -21"><span class='ocrx_word' id='word_1_134' title='bbox 254 1939 602 1991; x_wconf 85' lang='lat' dir='ltr'>tabernacula</span> <span class='ocrx_word' id='word_1_135' title='bbox 635 1940 797 1990; x_wconf 80' lang='lat' dir='ltr'>vitam</span> <span class='ocrx_word' id='word_1_136' title='bbox 827 1939 931 1990; x_wconf 90' lang='lat' dir='ltr'>sibi</span> <span class='ocrx_word' id='word_1_137' title='bbox 966 1950 1156 2010; x_wconf 91' lang='lat' dir='ltr'>querat</span> <span class='ocrx_word' id='word_1_138' title='bbox 1189 1939 1418 1991; x_wconf 89' lang='lat' dir='ltr'>mercari</span> <span class='ocrx_word' id='word_1_139' title='bbox 1445 1950 1762 2011; x_wconf 86' lang='lat' dir='ltr'>perpetuam</span> <span class='ocrx_word' id='word_1_140' title='bbox 1790 1951 1842 1992; x_wconf 90' lang='lat' dir='ltr'>et</span> <span class='ocrx_word' id='word_1_141' title='bbox 1874 1942 2103 1993; x_wconf 87' lang='lat' dir='ltr'>retribu—</span> 
     </span>
     <span class='ocr_line' id='line_1_18' title="bbox 256 2027 2105 2098; baseline 0.002 -20"><span class='ocrx_word' id='word_1_142' title='bbox 256 2028 461 2078; x_wconf 89' lang='lat' dir='ltr'>tionem</span> <span class='ocrx_word' id='word_1_143' title='bbox 489 2028 592 2078; x_wconf 86' lang='lat' dir='ltr'>sibi</span> <span class='ocrx_word' id='word_1_144' title='bbox 626 2027 784 2079; x_wconf 88' lang='lat' dir='ltr'>faciat</span> <span class='ocrx_word' id='word_1_145' title='bbox 811 2027 954 2098; x_wconf 87' lang='lat' dir='ltr'>apud</span> <span class='ocrx_word' id='word_1_146' title='bbox 986 2029 1180 2088; x_wconf 90' lang='lat' dir='ltr'>Deum,</span> <span class='ocrx_word' id='word_1_147' title='bbox 1219 2038 1277 2078; x_wconf 91' lang='lat' dir='ltr'>ut</span> <span class='ocrx_word' id='word_1_148' title='bbox 1310 2028 1451 2078; x_wconf 87' lang='lat' dir='ltr'>inter</span> <span class='ocrx_word' id='word_1_149' title='bbox 1479 2028 1744 2079; x_wconf 90' lang='lat' dir='ltr'>iustorum</span> <span class='ocrx_word' id='word_1_150' title='bbox 1772 2030 2105 2082; x_wconf 83' lang='lat' dir='ltr'>consortium</span> 
     </span>
     <span class='ocr_line' id='line_1_19' title="bbox 259 2115 2101 2189; baseline 0.003 -24"><span class='ocrx_word' id='word_1_151' title='bbox 259 2115 678 2166; x_wconf 86' lang='lat' dir='ltr'>desiderabilem</span> <span class='ocrx_word' id='word_1_152' title='bbox 713 2116 957 2167; x_wconf 90' lang='lat' dir='ltr'>obtineat</span> <span class='ocrx_word' id='word_1_153' title='bbox 984 2115 1180 2167; x_wconf 91' lang='lat' dir='ltr'>locum.</span> <span class='ocrx_word' id='word_1_154' title='bbox 1213 2118 1326 2167; x_wconf 91' lang='lat' dir='ltr'>Hoc</span> <span class='ocrx_word' id='word_1_155' title='bbox 1353 2116 1553 2167; x_wconf 91' lang='lat' dir='ltr'>etenim</span> <span class='ocrx_word' id='word_1_156' title='bbox 1581 2136 1681 2189; x_wconf 78' lang='lat' dir='ltr'>ego</span> <span class='ocrx_word' id='word_1_157' title='bbox 1707 2118 2101 2189; x_wconf 78' lang='lat' dir='ltr'>Raginbaldus,</span> 
     </span>
     <span class='ocr_line' id='line_1_20' title="bbox 256 2203 2107 2277; baseline 0.003 -24"><span class='ocrx_word' id='word_1_158' title='bbox 256 2203 398 2254; x_wconf 87' lang='lat' dir='ltr'>filius</span> <span class='ocrx_word' id='word_1_159' title='bbox 433 2203 778 2275; x_wconf 79' lang='lat' dir='ltr'>Ragimbaldi</span> <span class='ocrx_word' id='word_1_160' title='bbox 820 2214 872 2255; x_wconf 89' lang='lat' dir='ltr'>et</span> <span class='ocrx_word' id='word_1_161' title='bbox 914 2205 1256 2276; x_wconf 78' lang='lat' dir='ltr'>Heriburgis,</span> <span class='ocrx_word' id='word_1_162' title='bbox 1296 2214 1475 2255; x_wconf 88' lang='lat' dir='ltr'>mente</span> <span class='ocrx_word' id='word_1_163' title='bbox 1518 2205 1799 2256; x_wconf 88' lang='lat' dir='ltr'>revolvens</span> <span class='ocrx_word' id='word_1_164' title='bbox 1835 2226 2015 2277; x_wconf 85' lang='lat' dir='ltr'>saepe,</span> <span class='ocrx_word' id='word_1_165' title='bbox 2055 2217 2107 2258; x_wconf 86' lang='lat' dir='ltr'>et</span> 
     </span>
     <span class='ocr_line' id='line_1_21' title="bbox 258 2291 2102 2363; baseline 0.003 -22"><span class='ocrx_word' id='word_1_166' title='bbox 258 2291 533 2362; x_wconf 89' lang='lat' dir='ltr'>quoniam,</span> <span class='ocrx_word' id='word_1_167' title='bbox 565 2292 704 2342; x_wconf 87' lang='lat' dir='ltr'>sicut</span> <span class='ocrx_word' id='word_1_168' title='bbox 732 2293 994 2363; x_wconf 89' lang='lat' dir='ltr'>scriptum</span> <span class='ocrx_word' id='word_1_169' title='bbox 1021 2303 1120 2353; x_wconf 89' lang='lat' dir='ltr'>est,</span> <span class='ocrx_word' id='word_1_170' title='bbox 1145 2313 1232 2344; x_wconf 89' lang='lat' dir='ltr'>res</span> <span class='ocrx_word' id='word_1_171' title='bbox 1260 2293 1521 2344; x_wconf 85' lang='lat' dir='ltr'>ecclesiae</span> <span class='ocrx_word' id='word_1_172' title='bbox 1542 2303 1661 2344; x_wconf 87' lang='lat' dir='ltr'>vota</span> <span class='ocrx_word' id='word_1_173' title='bbox 1688 2305 1813 2345; x_wconf 88' lang='lat' dir='ltr'>sunt</span> <span class='ocrx_word' id='word_1_174' title='bbox 1840 2294 2102 2356; x_wconf 88' lang='lat' dir='ltr'>fidelium,</span> 
     </span>
     <span class='ocr_line' id='line_1_22' title="bbox 259 2379 2107 2454; baseline 0.003 -25"><span class='ocrx_word' id='word_1_175' title='bbox 259 2379 584 2449; x_wconf 89' lang='lat' dir='ltr'>patrimonia</span> <span class='ocrx_word' id='word_1_176' title='bbox 637 2399 937 2450; x_wconf 86' lang='lat' dir='ltr'>pauperum</span> <span class='ocrx_word' id='word_1_177' title='bbox 993 2391 1046 2431; x_wconf 91' lang='lat' dir='ltr'>et</span> <span class='ocrx_word' id='word_1_178' title='bbox 1099 2381 1280 2451; x_wconf 88' lang='lat' dir='ltr'>precia</span> <span class='ocrx_word' id='word_1_179' title='bbox 1337 2391 1705 2452; x_wconf 88' lang='lat' dir='ltr'>peccatorum,</span> <span class='ocrx_word' id='word_1_180' title='bbox 1767 2383 1997 2454; x_wconf 77' lang='lat' dir='ltr'>cogitavi</span> <span class='ocrx_word' id='word_1_181' title='bbox 2050 2393 2107 2434; x_wconf 91' lang='lat' dir='ltr'>ut</span> 
     </span>
     <span class='ocr_line' id='line_1_23' title="bbox 262 2466 2107 2539; baseline 0.003 -23"><span class='ocrx_word' id='word_1_182' title='bbox 262 2466 467 2537; x_wconf 85' lang='lat' dir='ltr'>aliquid</span> <span class='ocrx_word' id='word_1_183' title='bbox 501 2466 566 2517; x_wconf 91' lang='lat' dir='ltr'>de</span> <span class='ocrx_word' id='word_1_184' title='bbox 600 2468 762 2518; x_wconf 89' lang='lat' dir='ltr'>rebus</span> <span class='ocrx_word' id='word_1_185' title='bbox 790 2488 817 2518; x_wconf 90' lang='lat' dir='ltr'>a</span> <span class='ocrx_word' id='word_1_186' title='bbox 843 2469 1161 2538; x_wconf 82' lang='lat' dir='ltr'>parentibus</span> <span class='ocrx_word' id='word_1_187' title='bbox 1190 2468 1516 2539; x_wconf 87' lang='lat' dir='ltr'>supradictis</span> <span class='ocrx_word' id='word_1_188' title='bbox 1544 2470 1707 2520; x_wconf 91' lang='lat' dir='ltr'>michi</span> <span class='ocrx_word' id='word_1_189' title='bbox 1736 2471 2009 2521; x_wconf 87' lang='lat' dir='ltr'>concessis</span> <span class='ocrx_word' id='word_1_190' title='bbox 2038 2472 2107 2522; x_wconf 86' lang='lat' dir='ltr'>ob</span> 
     </span>
     <span class='ocr_line' id='line_1_24' title="bbox 260 2553 2108 2629; baseline 0.003 -25"><span class='ocrx_word' id='word_1_191' title='bbox 260 2553 558 2604; x_wconf 81' lang='lat' dir='ltr'>remedium</span> <span class='ocrx_word' id='word_1_192' title='bbox 597 2555 895 2606; x_wconf 87' lang='lat' dir='ltr'>animarum</span> <span class='ocrx_word' id='word_1_193' title='bbox 935 2576 1170 2616; x_wconf 88' lang='lat' dir='ltr'>suarum,</span> <span class='ocrx_word' id='word_1_194' title='bbox 1208 2567 1260 2607; x_wconf 83' lang='lat' dir='ltr'>et</span> <span class='ocrx_word' id='word_1_195' title='bbox 1293 2566 1349 2607; x_wconf 88' lang='lat' dir='ltr'>ut</span> <span class='ocrx_word' id='word_1_196' title='bbox 1385 2557 1500 2627; x_wconf 87' lang='lat' dir='ltr'>ipsc</span> <span class='ocrx_word' id='word_1_197' title='bbox 1533 2558 1742 2608; x_wconf 78' lang='lat' dir='ltr'>veniam</span> <span class='ocrx_word' id='word_1_198' title='bbox 1778 2557 1843 2608; x_wconf 89' lang='lat' dir='ltr'>dc</span> <span class='ocrx_word' id='word_1_199' title='bbox 1870 2560 2108 2629; x_wconf 87' lang='lat' dir='ltr'>pcccatis</span> 
     </span>
     <span class='ocr_line' id='line_1_25' title="bbox 264 2643 2108 2714; baseline 0.003 -21"><span class='ocrx_word' id='word_1_200' title='bbox 264 2643 396 2694; x_wconf 89' lang='lat' dir='ltr'>meis</span> <span class='ocrx_word' id='word_1_201' title='bbox 423 2643 651 2713; x_wconf 89' lang='lat' dir='ltr'>adipisci</span> <span class='ocrx_word' id='word_1_202' title='bbox 680 2664 890 2714; x_wconf 89' lang='lat' dir='ltr'>queam,</span> <span class='ocrx_word' id='word_1_203' title='bbox 930 2665 988 2695; x_wconf 88' lang='lat' dir='ltr'>ac</span> <span class='ocrx_word' id='word_1_204' title='bbox 1023 2655 1080 2695; x_wconf 89' lang='lat' dir='ltr'>ut</span> <span class='ocrx_word' id='word_1_205' title='bbox 1114 2645 1167 2695; x_wconf 89' lang='lat' dir='ltr'>in</span> <span class='ocrx_word' id='word_1_206' title='bbox 1196 2644 1281 2695; x_wconf 87' lang='lat' dir='ltr'>die</span> <span class='ocrx_word' id='word_1_207' title='bbox 1310 2645 1544 2696; x_wconf 85' lang='lat' dir='ltr'>districti</span> <span class='ocrx_word' id='word_1_208' title='bbox 1571 2646 1831 2697; x_wconf 82' lang='lat' dir='ltr'>examinis</span> <span class='ocrx_word' id='word_1_209' title='bbox 1866 2648 2108 2699; x_wconf 82' lang='lat' dir='ltr'>securius</span> 
     </span>
     <span class='ocr_line' id='line_1_26' title="bbox 264 2731 2104 2786; baseline 0.003 -5"><span class='ocrx_word' id='word_1_210' title='bbox 264 2731 532 2782; x_wconf 85' lang='lat' dir='ltr'>adsistens</span> <span class='ocrx_word' id='word_1_211' title='bbox 568 2731 714 2782; x_wconf 89' lang='lat' dir='ltr'>illam</span> <span class='ocrx_word' id='word_1_212' title='bbox 751 2731 1147 2784; x_wconf 84' lang='lat' dir='ltr'>dcsdcrabilcm</span> <span class='ocrx_word' id='word_1_213' title='bbox 1183 2734 1403 2784; x_wconf 89' lang='lat' dir='ltr'>Domini</span> <span class='ocrx_word' id='word_1_214' title='bbox 1436 2753 1622 2784; x_wconf 80' lang='lat' dir='ltr'>vocem</span> <span class='ocrx_word' id='word_1_215' title='bbox 1650 2734 1837 2785; x_wconf 89' lang='lat' dir='ltr'>audire</span> <span class='ocrx_word' id='word_1_216' title='bbox 1864 2735 2066 2786; x_wconf 88' lang='lat' dir='ltr'>valeam</span> <span class='ocrx_word' id='word_1_217' title='bbox 2096 2757 2104 2786; x_wconf 89' lang='lat'><strong>:</strong></span> 
     </span>
     <span class='ocr_line' id='line_1_27' title="bbox 266 2820 2110 2894; baseline 0.004 -27"><span class='ocrx_word' id='word_1_218' title='bbox 266 2841 290 2868; x_wconf 86' lang='lat'>‹&lt;</span> <span class='ocrx_word' id='word_1_219' title='bbox 314 2820 527 2879; x_wconf 76' lang='lat' dir='ltr'>Venite,</span> <span class='ocrx_word' id='word_1_220' title='bbox 554 2820 829 2871; x_wconf 82' lang='lat' dir='ltr'>benedicti</span> <span class='ocrx_word' id='word_1_221' title='bbox 850 2822 1018 2892; x_wconf 88' lang='lat' dir='ltr'>patris</span> <span class='ocrx_word' id='word_1_222' title='bbox 1039 2822 1161 2881; x_wconf 82' lang='lat' dir='ltr'>mci,</span> <span class='ocrx_word' id='word_1_223' title='bbox 1186 2822 1451 2893; x_wconf 74' lang='lat' dir='ltr'>percipite</span> <span class='ocrx_word' id='word_1_224' title='bbox 1480 2842 1707 2893; x_wconf 72' lang='lat' dir='ltr'>regnum</span> <span class='ocrx_word' id='word_1_225' title='bbox 1731 2844 1778 2883; x_wconf 85' lang='lat'>›),</span> <span class='ocrx_word' id='word_1_226' title='bbox 1810 2823 1875 2873; x_wconf 90' lang='lat' dir='ltr'>ad</span> <span class='ocrx_word' id='word_1_227' title='bbox 1902 2834 2110 2894; x_wconf 80' lang='lat' dir='ltr'>partem</span> 
     </span>
     <span class='ocr_line' id='line_1_28' title="bbox 264 2909 2105 2981; baseline 0.003 -24"><span class='ocrx_word' id='word_1_228' title='bbox 264 2917 479 2958; x_wconf 79' lang='lat' dir='ltr'>sanctae</span> <span class='ocrx_word' id='word_1_229' title='bbox 537 2909 851 2959; x_wconf 83' lang='lat' dir='ltr'>Gorzicnsis</span> <span class='ocrx_word' id='word_1_230' title='bbox 909 2910 1349 2981; x_wconf 75' lang='lat' dir='ltr'>congregationis</span> <span class='ocrx_word' id='word_1_231' title='bbox 1409 2909 1610 2970; x_wconf 79' lang='lat' dir='ltr'>darem,</span> <span class='ocrx_word' id='word_1_232' title='bbox 1673 2910 1818 2981; x_wconf 88' lang='lat' dir='ltr'>quod</span> <span class='ocrx_word' id='word_1_233' title='bbox 1875 2921 1927 2962; x_wconf 86' lang='lat' dir='ltr'>ct</span> <span class='ocrx_word' id='word_1_234' title='bbox 1985 2911 2105 2963; x_wconf 84' lang='lat' dir='ltr'>feci.</span> 
     </span>
     <span class='ocr_line' id='line_1_29' title="bbox 266 2994 2109 3069; baseline 0.002 -23"><span class='ocrx_word' id='word_1_235' title='bbox 266 2994 488 3046; x_wconf 83' lang='lat' dir='ltr'>Tradidi</span> <span class='ocrx_word' id='word_1_236' title='bbox 537 3016 769 3067; x_wconf 87' lang='lat' dir='ltr'>namque</span> <span class='ocrx_word' id='word_1_237' title='bbox 816 3017 914 3067; x_wconf 87' lang='lat' dir='ltr'>per</span> <span class='ocrx_word' id='word_1_238' title='bbox 962 3018 1149 3048; x_wconf 90' lang='lat' dir='ltr'>manus</span> <span class='ocrx_word' id='word_1_239' title='bbox 1199 2998 1438 3048; x_wconf 78' lang='lat' dir='ltr'>fidelium</span> <span class='ocrx_word' id='word_1_240' title='bbox 1485 3019 1726 3048; x_wconf 77' lang='lat' dir='ltr'>incorum</span> <span class='ocrx_word' id='word_1_241' title='bbox 1774 2999 1892 3069; x_wconf 73' lang='lat' dir='ltr'>lcgc</span> <span class='ocrx_word' id='word_1_242' title='bbox 1936 2999 2109 3051; x_wconf 85' lang='lat' dir='ltr'>Salica</span> 
     </span>
     <span class='ocr_line' id='line_1_30' title="bbox 265 3083 2106 3157; baseline 0.003 -25"><span class='ocrx_word' id='word_1_243' title='bbox 265 3083 576 3149; x_wconf 72' lang='lat' dir='ltr'>viventium,</span> <span class='ocrx_word' id='word_1_244' title='bbox 607 3084 969 3136; x_wconf 67' lang='lat' dir='ltr'>&#39;Vuincmanni</span> <span class='ocrx_word' id='word_1_245' title='bbox 1002 3086 1253 3136; x_wconf 68' lang='lat' dir='ltr'>videlicet</span> <span class='ocrx_word' id='word_1_246' title='bbox 1289 3096 1341 3136; x_wconf 82' lang='lat' dir='ltr'>ct</span> <span class='ocrx_word' id='word_1_247' title='bbox 1366 3086 1632 3138; x_wconf 69' lang='lat' dir='ltr'>Vuachini</span> <span class='ocrx_word' id='word_1_248' title='bbox 1668 3097 1828 3157; x_wconf 79' lang='lat' dir='ltr'>atquc</span> <span class='ocrx_word' id='word_1_249' title='bbox 1857 3088 2106 3148; x_wconf 72' lang='lat' dir='ltr'>Girivilfi,</span> 
     </span>
     <span class='ocr_line' id='line_1_31' title="bbox 266 3169 2110 3244; baseline 0.004 -25"><span class='ocrx_word' id='word_1_250' title='bbox 266 3169 547 3240; x_wconf 89' lang='lat' dir='ltr'>praedium</span> <span class='ocrx_word' id='word_1_251' title='bbox 582 3191 756 3221; x_wconf 89' lang='lat' dir='ltr'>mcum</span> <span class='ocrx_word' id='word_1_252' title='bbox 783 3173 837 3222; x_wconf 90' lang='lat' dir='ltr'>in</span> <span class='ocrx_word' id='word_1_253' title='bbox 865 3193 1003 3244; x_wconf 81' lang='lat' dir='ltr'>pago</span> <span class='ocrx_word' id='word_1_254' title='bbox 1024 3184 1076 3224; x_wconf 87' lang='lat' dir='ltr'>et</span> <span class='ocrx_word' id='word_1_255' title='bbox 1096 3174 1351 3224; x_wconf 87' lang='lat' dir='ltr'>comitatu</span> <span class='ocrx_word' id='word_1_256' title='bbox 1375 3173 1625 3225; x_wconf 86' lang='lat' dir='ltr'>Salnensi</span> <span class='ocrx_word' id='word_1_257' title='bbox 1647 3174 1826 3235; x_wconf 89' lang='lat' dir='ltr'>situm,</span> <span class='ocrx_word' id='word_1_258' title='bbox 1847 3175 2110 3228; x_wconf 74' lang='lat' dir='ltr'>Vitrcnci-</span> 
     </span>
     <span class='ocr_line' id='line_1_32' title="bbox 269 3257 2106 3334; baseline 0.004 -27"><span class='ocrx_word' id='word_1_259' title='bbox 269 3257 461 3307; x_wconf 90' lang='lat' dir='ltr'>curtim</span> <span class='ocrx_word' id='word_1_260' title='bbox 507 3257 730 3319; x_wconf 81' lang='lat' dir='ltr'>dictum,</span> <span class='ocrx_word' id='word_1_261' title='bbox 774 3279 894 3310; x_wconf 91' lang='lat' dir='ltr'>cum</span> <span class='ocrx_word' id='word_1_262' title='bbox 939 3261 1190 3312; x_wconf 88' lang='lat' dir='ltr'>omnibus</span> <span class='ocrx_word' id='word_1_263' title='bbox 1229 3262 1338 3313; x_wconf 87' lang='lat' dir='ltr'>suis</span> <span class='ocrx_word' id='word_1_264' title='bbox 1384 3261 1612 3313; x_wconf 84' lang='lat' dir='ltr'>edificiis</span> <span class='ocrx_word' id='word_1_265' title='bbox 1658 3272 1709 3312; x_wconf 90' lang='lat' dir='ltr'>et</span> <span class='ocrx_word' id='word_1_266' title='bbox 1748 3262 2106 3334; x_wconf 84' lang='lat' dir='ltr'>appendiciis,</span> 
     </span>
     <span class='ocr_line' id='line_1_33' title="bbox 265 3345 2106 3421; baseline 0.004 -28"><span class='ocrx_word' id='word_1_267' title='bbox 265 3354 374 3394; x_wconf 87' lang='lat' dir='ltr'>tam</span> <span class='ocrx_word' id='word_1_268' title='bbox 408 3345 461 3395; x_wconf 88' lang='lat' dir='ltr'>in</span> <span class='ocrx_word' id='word_1_269' title='bbox 496 3345 745 3397; x_wconf 88' lang='lat' dir='ltr'>domibus</span> <span class='ocrx_word' id='word_1_270' title='bbox 789 3368 947 3418; x_wconf 88' lang='lat' dir='ltr'>quam</span> <span class='ocrx_word' id='word_1_271' title='bbox 991 3349 1042 3399; x_wconf 87' lang='lat' dir='ltr'>in</span> <span class='ocrx_word' id='word_1_272' title='bbox 1087 3350 1306 3410; x_wconf 86' lang='lat' dir='ltr'>mansis,</span> <span class='ocrx_word' id='word_1_273' title='bbox 1353 3349 1617 3411; x_wconf 78' lang='lat' dir='ltr'>ecclesiis,</span> <span class='ocrx_word' id='word_1_274' title='bbox 1657 3351 1879 3421; x_wconf 87' lang='lat' dir='ltr'>campis,</span> <span class='ocrx_word' id='word_1_275' title='bbox 1918 3351 2106 3421; x_wconf 89' lang='lat' dir='ltr'>pratis,</span> 
     </span>
     <span class='ocr_line' id='line_1_34' title="bbox 266 3432 2111 3509; baseline 0.004 -27"><span class='ocrx_word' id='word_1_276' title='bbox 266 3432 457 3493; x_wconf 84' lang='lat' dir='ltr'>vineis,</span> <span class='ocrx_word' id='word_1_277' title='bbox 508 3433 672 3494; x_wconf 75' lang='lat' dir='ltr'>silvis,</span> <span class='ocrx_word' id='word_1_278' title='bbox 722 3436 997 3504; x_wconf 86' lang='lat' dir='ltr'>pomariis,</span> <span class='ocrx_word' id='word_1_279' title='bbox 1046 3437 1186 3487; x_wconf 85' lang='lat' dir='ltr'>villis</span> <span class='ocrx_word' id='word_1_280' title='bbox 1230 3437 1450 3494; x_wconf 80' lang='lat' dir='ltr'>villulis,</span> <span class='ocrx_word' id='word_1_281' title='bbox 1501 3437 1783 3508; x_wconf 88' lang='lat' dir='ltr'>mancipiis</span> <span class='ocrx_word' id='word_1_282' title='bbox 1829 3439 2111 3509; x_wconf 89' lang='lat' dir='ltr'>utriusque</span> 
     </span>
    </p>

    <p class='ocr_par' dir='ltr' id='par_1_8' title="bbox 1825 3543 1880 3584">
     <span class='ocr_line' id='line_1_35' title="bbox 1825 3543 1880 3584; baseline 0.036 -2"><span class='ocrx_word' id='word_1_283' title='bbox 1825 3543 1880 3584; x_wconf 89' lang='lat'>13</span> 
     </span>
    </p>
   </div>
  </div>
 </body>
</html>
