2259 3692
982 62 1275 113 -233—

208 198 262 248 in
305 195 560 246 servitute
610 202 949 252 remanente,
1004 189 1220 241 nomine
1264 189 1569 240 Gausberto
1615 198 1667 238 et
1711 187 1827 257 ipsa
1868 196 2045 237 autem

208 285 351 335 dieta
376 293 456 333 est
489 282 708 333 Ceeilia.
749 280 961 339 Actum,
994 277 1360 328 ete.'l'estibus
1395 276 1510 326 istis
1546 274 1598 346 (7
1628 276 1846 326 te'moins
1867 280 2047 344 parmi

209 371 446 444 lesquels)
475 370 721 421 Ebulone
749 369 913 420 fratre
940 366 1110 438 ipsius
1144 364 1356 436 puellae
1385 363 1449 415 de
1484 363 1587 414 alio
1620 373 1791 434 patre.

209 635 275 682 ΝΟ
307 637 440 684 167.
480 633 564 680 En
589 630 822 696 mari-asse
851 628 1025 696 ine'fsal
1056 628 1263 693 —pere
1288 625 1417 691 serf,
1454 626 1589 673 mere
1616 624 1859 674 coliberte
1885 642 1946 674 ou
1976 626 2049 671 re'-

274 715 662 781 eiproquement
687 742 749 746 —
777 711 846 759 les
883 709 1088 775 enfants
1130 726 1189 756 ne
1215 713 1327 756 sont
1352 724 1451 773 pas
1484 707 1735 772 partaqe's
1776 712 1823 754 el
1848 705 2048 753 suivenl

273 796 320 844 la
337 793 721 858 conditionpire
736 793 769 839 ¹.
793 791 998 852 Preces,
1021 808 1111 837 sur
1131 788 1519 855 eepoint,porte
1538 786 1721 835 (levant
1742 787 1785 835 Ie
1804 786 2048 852 seiqneur

270 876 336 924 du
363 873 603 941 fiefdont
630 873 677 922 Ia
719 871 962 920 coliberle
1003 870 1102 936 fait
1126 870 1319 936 partie.
1365 868 1605 918 Serment
1643 869 1779 934 {saqe'
1808 867 1931 933 puis
1968 865 2049 914 (ἰέ-

273 956 418 1022 leque
443 958 472 1004 ἐι
501 973 567 1003 un
593 953 822 1003 indivislu
850 952 911 1002 cle
939 954 1097 1000 meme
1124 950 1398 1000 condition.
1432 948 1551 1014 (An.
1585 950 1747 1014 1070.)

510 1125 659 1172 Liber
685 1124 746 1172 de
773 1123 932 1172 servis
960 1122 1083 1188 Maj.
1114 1122 1256 1170 Mon.
1286 1121 1472 1180 XXIX,
1507 1121 1575 1186 (p.
1609 1120 1739 1184 151).

337 1298 415 1346 De
451 1295 718 1347 calumnia
747 1314 909 1365 super
943 1293 1261 1345 Hildradum
1290 1311 1502 1344 servum
1536 1302 1589 1343 et
1614 1291 1753 1343 filios
1782 1293 1915 1362 ejus.

277 1431 474 1481 Notum
513 1429 581 1479 sit
614 1428 648 1479 f.
687 1439 827 1479 nost.
868 1427 983 1478 scil.
1027 1447 1170 1477 mon.
1215 1428 1288 1477 Μ.
1320 1427 1392 1477 Μ.
1426 1425 1572 1497 quod
1611 1425 1829 1496 quidam
1862 1444 2046 1476 servus

207 1518 321 1569 Soti
355 1520 512 1569 Mart.
552 1529 604 1568 et
631 1528 834 1578 noster,
867 1517 1084 1568 nomine
1111 1515 1423 1576 Hildradus‚
1457 1514 1609 1566 duxit
1635 1534 1856 1565 uxorem
1883 1533 2046 1584 quan-

203 1606 322 1657 dam
358 1606 675 1657 colibertam
711 1606 955 1678 Hugonis
993 1605 1090 1656 filii
1129 1604 1423 1665 Teudonis,
1467 1603 1532 1655 de
1559 1623 1662 1674 qua
1687 1602 2049 1654 habuit111101·

201 1695 421 1746 liberos,
462 1698 590 1747 Post
616 1705 842 1745 mortem
872 1697 960 1755 H.‚
992 1694 1132 1745 filius
1161 1696 1275 1764 ejus
1303 1693 1626 1745 Guillelmus
1654 1691 2047 1762 ealumpniatus

203 1794 283 1834 est
328 1784 485 1834 nobis
531 1784 875 1834 medietatem
921 1782 1185 1844 filiorum,
1234 1793 1460 1853 propter
1511 1781 1828 1833 eolibertam
1877 1781 2046 1851 patris

204 1872 302 1922 sui.
333 1873 413 1922 De
449 1892 553 1942 qua
586 1892 642 1922 re
677 1871 906 1922 domnus
939 1871 1226 1922 Aseelinus
1253 1890 1396 1921 mon.
1428 1880 1558 1921 tune
1584 1870 1896 1941 prepositus
1923 1869 2047 1920 obe-

203 1960 437 2010 dientiae
473 1960 708 2021 Buziaei,
749 1960 869 2010 iniit
900 1960 1159 2030 placitum
1194 1979 1314 2010 eum
1342 1979 1404 2010 eo
1432 1959 1576 2030 apud
1602 1958 1953 2018 Montorium,
1992 1957 2047 2008 in

202 2047 334 2098 seria
362 2048 476 2100 Soti
503 2049 777 2099 Laurentii
804 2048 987 2119 ibique
1016 2048 1316 2119 judicatum
1352 2059 1437 2100 est
1470 2048 1615 2119 quod
1648 2047 1759 2098 nati
1794 2047 1858 2098 de
1894 2066 2047 2097 servo

202 2147 254 2187 et
281 2136 543 2187 coliberta
569 2157 676 2186 non
705 2137 906 2187 debent
932 2137 1141 2207 partiri,
1174 2137 1268 2187 sed
1295 2147 1503 2207 patrem
1531 2146 1833 2207 sequuntur
1859 2156 2045 2188 omnes

202 2224 316 2285 filii,
371 2225 603 2295 ideoque
655 2225 974 2275 calumniam
1023 2227 1139 2295 ejus
1189 2246 1307 2276 esse
1355 2226 1642 2295 injustam3
1697 2235 1749 2276 et
1791 2245 1910 2276 cum
1955 2225 2046 2276 ille

204 2313 560 2363 contenderet
594 2313 743 2363 illum
778 2313 942 2363 fuisse
971 2314 1312 2375 eolibertum,
1345 2314 1618 2386 guadiavit
1645 2314 1693 2364 ei
1722 2314 1950 2364 domnus
1978 2314 2041 2365 A.

197 2403 379 2470 jurare
420 2400 566 2471 quod
598 2401 688 2451 ille
725 2421 908 2451 servus
945 2401 1126 2462 suerit,
1170 2421 1278 2452 non
1314 2402 1639 2463 colibertus‚
1690 2402 1835 2473 quod
1870 2404 2046 2473 jusju-

202 2489 430 2540 randum
466 2488 592 2539 seeit
624 2489 672 2539 ei
711 2489 827 2539 fieri
870 2509 967 2560 per
1000 2510 1166 2540 unum
1201 2491 1474 2541 hominem
1512 2490 1754 2561 ejusdem
1790 2490 2041 2551 familiae,

202 2576 418 2627 nomine
446 2576 759 2627 Aleherium
795 2576 860 2627 de
887 2577 1027 2630 Villa
1061 2578 1234 2639 Rella,
1274 2578 1416 2649 apud
1442 2580 1626 2650 Rupes
1664 2579 1939 2649 Episcopi.

276 2664 468 2716 Placiti
495 2663 619 2715 sacti
653 2665 795 2735 apud
821 2665 1170 2726 Montorium,
1200 2676 1366 2717 testes
1394 2678 1518 2718 sunt
1544 2668 1597 2718 hi
1623 2689 1631 2717 :
1672 2668 1952 2718 Mathaeus
1981 2666 2046 2716 (10.

202 2753 474 2804 Montorio
502 2763 553 2803 et
585 2752 749 2803 frater
777 2755 891 2824 ejus
925 2753 990 2804 de
1026 2756 1178 2824 cujus
1213 2754 1329 2805 sevo
1364 2755 1623 2807 coliberta
1658 2755 1757 2806 suit
1784 2756 1831 2824 (8
1859 2755 2041 2822 nomsss

204 2840 269 2890 de
297 2841 496 2891 nostris
530 2844 585 2910 (ss
622 2843 811 2911 noms).

281 2928 641 2998 Jurisjurandi
672 2941 839 2981 testes
875 2933 930 2999 (ὕ
966 2932 1153 3000 noms).

265 3223 305 3260 1.
342 3220 456 3261 D'oc'c
484 3219 520 3261 le
550 3220 748 3262 brocca-d
776 3220 839 3262 du
866 3236 1018 3279 moyen
1043 3222 1156 3278 dge:
1187 3240 1202 3262 α
1235 3226 1302 3264 En
1324 3225 1622 3280 lbmmniage,
1655 3223 1692 3265 le
1716 3225 1814 3282 pire
1846 3230 2042 3281 emperie

205 3284 242 3328 le
271 3285 372 3328 bon.
406 3305 420 3325 υ
