2259 3692
261 298 453 350 Actum
488 291 726 345 Tarbisi¹
759 310 856 362 pcr
891 288 1189 340 indictione
1225 287 1593 358 suprascripta
1621 285 1868 336 feliciter.

261 388 299 453 ’ζ’
325 386 438 455 Ego
471 381 636 434 Felex
669 379 897 430 clericus
926 377 979 426 in
1006 377 1145 427 hane
1177 375 1464 426 tonaeione
1492 373 1557 424 ad
1585 393 1666 423 me
1695 373 1832 424 saeta
1867 393 2029 424 manu

188 492 304 524 mea
339 469 657 540 subscripsi.

261 562 298 627 ἦ
328 560 442 630 Ego
471 558 618 608 Lobo
645 555 878 627 rogadus
914 554 979 605 ad
1014 553 1192 605 Felice
1227 551 1425 602 clerieo
1460 550 1514 600 in
1548 550 1687 600 hane
1732 548 2031 599 donacione

189 648 342 699 testis
371 645 686 716 subscripsi.

262 738 300 804 ἦ
328 734 478 806 Aego
507 733 634 784 Erfo
660 742 879 804 rogatus
907 731 972 781 ab
1000 728 1371 800 suprascripto
1398 726 1578 779 Felice
1607 724 1810 777 Christi
1838 724 2032 774 samolo

192 824 246 874 in
273 824 410 873 hane
438 821 729 872 donatione
755 819 908 869 testis
944 816 1259 887 subscripsi.

263 910 478 981 ·1-Acgo
514 908 666 960 Gado
720 917 939 978 rogatus
983 907 1047 956 ab
1084 903 1453 975 suprascripto
1502 902 1681 954 Felice
1732 901 1929 952 clerico
1979 901 2032 951 in

189 999 328 1049 hanc
362 996 653 1048 donatione
681 995 835 1046 testis
863 993 1181 1064 subscripsi.
1994 1056 1997 1058 ⁴

263 1089 301 1154 ἦ*
331 1087 444 1157 Ego
490 1083 794 1135 Audemare
836 1082 1071 1155 rogadus
1106 1082 1171 1132 ab
1207 1079 1577 1151 suprascripto
1618 1078 1798 1130 Felice
1834 1076 2032 1128 cleric-o

192 1175 247 1226 in
273 1175 412 1225 hanc
447 1173 746 1224 donacione
772 1171 926 1222 testis
954 1167 1297 1240 subscripsi‘2.

195 1448 260 1495 ΝΟ
286 1452 379 1498 62.
421 1446 573 1494 ;1]]])ῥ
603 1453 774 1494 contre
807 1445 941 1494 ahhc'
971 1445 1172 1510 (devant
1215 1444 1256 1493 le
1285 1443 1517 1493 tribunal
1553 1443 1808 1509 sec-ulier).
1844 1443 2036 1492 Clzarte

256 1527 536 1593 cI'e'changse.
578 1527 841 1593 invoquee.
886 1527 1069 1592 illozzsen
1126 1524 1187 1573 (Ie
1227 1524 1435 1590 defense
1475 1525 1733 1589 pre'senle.
1779 1525 2034 1583 Eoeamen,

259 1614 422 1676 quant
456 1626 521 1656 aa
558 1607 702 1673 fond,
732 1613 779 1655 et
804 1607 1084 1673 juqement
1110 1607 1264 1654 remis
1291 1608 1318 1654 ὰ
1349 1624 1415 1653 un
1440 1612 1587 1654 autre
1606 1604 1760 1671 plait.
1794 1604 1911 1669 (An.
1943 1606 2031 1652 781
2093 1650 2096 1653 .

259 1707 320 1737 οιι
349 1690 482 1754 853.)

571 1857 721 1923 Besly
749 1858 883 1905 Hist.
914 1862 1107 1905 comtes
1135 1857 1202 1903 du
1230 1856 1434 1915 Poitou,
1466 1874 1517 1922 p.
1551 1856 1660 1903 149.

267 2042 470 2095 Notitia
522 2043 615 2093 ubi
664 2042 887 2092 veniens
940 2041 1320 2091 Abolomierus
1374 2051 1521 2091 sexta
1574 2040 1724 2101 feria,
1783 2041 1899 2111 ipsa
1953 2041 2038 2091 die

196 2131 419 2182 Calend.
472 2130 790 2182 Decembris
841 2129 1072 2181 Pietavis
1123 2129 1335 2179 civitate
1383 2129 1525 2179 inter
1583 2129 1715 2179 duas
1769 2129 2039 2180 Ecclesias

195 2230 317 2270 ante
350 2219 637 2270 Abbonem
664 2218 947 2277 Comitem,
980 2238 1073 2268 seu
1109 2228 1162 2267 et
1196 2219 1483 2287 Iepronem
1511 2216 1796 2277 Abbatem‚
1824 2217 1889 2268 ad
1922 2217 2040 2288 pla-

196 2308 358 2358 citum
393 2307 543 2357 illum
590 2326 749 2376 quem
799 2316 986 2356 contra
1022 2306 1493 2356 Hermembertum
1530 2325 1594 2355 cx
1639 2305 1830 2356 cellola
1870 2305 2039 2357 Nobi-

195 2395 331 2446 liaco
372 2395 607 2445 habebat
658 2394 966 2445 Gratianus.
1007 2393 1162 2444 Unde
1212 2393 1328 2463 ipsa
1371 2393 1456 2443 die
1492 2393 1792 2463 scripturae
1827 2392 2041 2443 initium

194 2482 493 2554 legitimum
527 2492 874 2552 praesentare
911 2481 1135 2531 deberet
1161 2501 1259 2550 per
1294 2480 1440 2550 quod
1473 2481 1724 2531 locellum
1759 2501 2041 2551 nuncupa-

193 2582 307 2621 tum
334 2572 570 2621 laciacus
599 2569 664 2620 de
691 2569 898 2619 ratione
923 2568 1297 2620 Novaliaccnsi
1327 2568 1634 2639 possederit
1662 2568 1728 2619 ad
1758 2588 2036 2639 praesens.

196 2658 576 2710 Abolomierus
621 2657 835 2708 advenit
870 2667 922 2707 ct
955 2656 1328 2707 concambium
1370 2656 1435 2707 de
1470 2656 1746 2707 nominato
1782 2656 2041 2708 Gratiano

200 2746 401 2797 ibidem
453 2745 817 2817 praesentavit
866 2745 1137 2816 quomodo
1191 2745 1444 2796 decessor
1493 2744 1662 2815 ipsius
1712 2744 2041 2795 Abbonliere

202 2835 338 2885 abba
379 2845 540 2905 prout
590 2833 849 2886 Gratiano
906 2834 1082 2904 ipsum
1124 2833 1376 2884 locellum
1426 2832 1926 2883 concammiavcrat.
1976 2834 2043 2882 Et

204 2923 645 2972 Hermcmbertus
681 2922 746 2972 ad
778 2942 1035 2992 praesens
1063 2921 1281 2971 notitias
1308 2921 1546 2971 ostendit
1574 2920 1639 2971 ad
1666 2920 2037 2992 relegendum,

205 3010 475 3079 quomodo
519 3010 701 3060 clerici
743 3010 913 3060 sancti
960 3009 1149 3060 llilarii
1180 3008 1476 3079 ⁴postquam
1519 3009 1634 3079 ipse
1681 3008 2041 3059 concammius

205 3097 303 3146 suit
332 3096 499 3147 sactus
535 3097 813 3158 Gratiano,
846 3108 967 3147 ante
1001 3097 1318 3151 XVaisariuin
1354 3097 1655 3168 principem
1694 3097 1954 3147 miserunt
1988 3096 2040 3145 in

265 3311 304 3349 1.
346 3308 529 3349 Trm'se.
581 3346 583 3348 .

264 3375 303 3416 2.
350 3374 453 3417 Voc'r
474 3383 524 3414 1ιο
549 3375 618 3423 59,
644 3389 693 3433 Ι).
726 3376 791 3422 72,
824 3389 866 3414 n.
897 3377 934 3416 1.
