2259 3692
1023 243 1318 294 -190—

251 373 352 444 ipsi
392 371 688 432 auditoreS,
733 392 852 423 cum
887 372 1167 424 audissent
1212 373 1327 443 ipso
1357 372 1552 422 comite
1591 372 1667 422 sic
1703 369 2091 441 respondente,

250 461 608 512 decreverunt
629 459 914 531 judicium,
940 471 992 511 et
1011 460 1400 511 ordinaverunt
1426 460 1545 530 ipso
1567 461 1676 530 jam
1704 458 1849 510 dicto
1877 460 2092 517 comite,

252 549 397 620 quod
433 548 811 600 conlaudasset
839 549 982 620 ipsas
1017 549 1314 620 scripturas
1351 548 1669 609 dominicaS,
1708 558 1759 599 ct
1791 547 2098 599 vuadiasset

249 637 547 708 legalitcr¹,
580 639 719 689 sicut
746 638 799 688 in
836 637 955 710 lege
985 637 1162 689 Salica
1189 637 1519 697 continetur,
1551 637 1622 687 ita
1657 647 1709 688 et
1736 636 1880 688 fecit.
1925 638 2095 708 Opor-

246 739 437 779 tunum
466 726 566 777 fuit
590 726 853 778 Donadeo
880 727 1073 778 abbate
1114 726 1197 777 vel
1232 727 1350 797 ipso
1395 728 1504 797 jam
1547 725 1692 776 dicto
1737 726 2091 785 mandatario,

248 826 305 867 ut
353 816 601 866 notitiam
651 815 1083 867 conlaudationis
1126 815 1366 865 scribere
1409 814 1490 865 vel
1533 814 1746 865 firmare
1786 825 2091 887 rogassent,

249 905 325 955 sic
363 914 415 955 et
454 903 718 955 fecerunt.
752 904 846 955 His
886 904 1267 975 praesentibus
1302 914 1477 954 actum
1516 903 1643 965 suit3
1682 913 1735 954 et
1768 902 2000 976 gaudeat
2041 923 2096 954 se

248 994 364 1064 ipse
397 993 562 1044 abbas
604 1003 656 1044 et
682 993 801 1064 ipso
835 992 1220 1053 mandatariUS,
1252 992 1399 1063 quod
1426 992 1479 1042 in
1514 1002 1701 1043 nostro
1723 992 1932 1063 judicio
1973 992 2096 1042 illo-

248 1101 365 1132 rum
388 1081 683 1132 clarissima
705 1080 1323 1152 percepissentjustitia.
1349 1082 1489 1131 Dato
1510 1080 1718 1151 judicio
1742 1083 1804 1134 V.
1823 1080 1943 1131 idus
1963 1101 2095 1131 mar-

247 1170 327 1231 tii,
360 1190 501 1220 anno
537 1171 637 1221 IIII
681 1180 945 1242 regnante
989 1168 1281 1239 Rodulpho
1323 1189 1452 1241 rege
1497 1179 1620 1239 post
1655 1169 1862 1220 obitum
1910 1168 2095 1220 Karoli

252 1258 415 1330 regiS.
459 1260 513 1310 S.
555 1258 823 1309 Pontione
860 1257 1043 1308 comiti
1078 1267 1130 1307 et
1178 1257 1511 1317 marchione,
1545 1257 1638 1327 qui
1673 1277 1727 1308 se
1763 1257 2092 1308 exvacuavit.

253 1348 308 1397 S.
342 1346 612 1397 Richildis
653 1346 1068 1406 vicecomitissa,
1104 1347 1159 1397 S.
1199 1345 1395 1396 Jorius.
1442 1348 1498 1397 S.
1542 1345 1842 1396 Barnardo.
1877 1347 1932 1397 S.
1972 1345 2098 1396 Ala-

248 1435 380 1485 rico.
417 1437 473 1487 S.
513 1435 805 1486 Aimerico.
849 1436 904 1487 S.
938 1433 1136 1505 Adays.
1180 1435 1235 1485 S.
1283 1433 1598 1485 Amblardo.
1642 1435 1697 1485 S.
1745 1433 2000 1485 Alfarico.
2037 1435 2092 1486 S.

248 1522 531 1579 W'altario.
567 1525 622 1576 S.
656 1525 913 1575 Fortone.

250 1789 314 1836 ΝΟ
355 1793 486 1841 129.
527 1788 755 1856 Abbaye
790 1795 963 1838 contre
1004 1788 1234 1838 vicomle.
1281 1788 1466 1838 Terres
1499 1787 1813 1854 pretenclues
1840 1787 1902 1836 de
1937 1786 1983 1836 Ia
2024 1786 2098 1836 vi-

314 1872 491 1919 comte'.
527 1869 784 1918 Ahanclon
826 1869 887 1918 cle
923 1870 969 1918 Ia
987 1872 1303 1936 pre'tention.
1345 1868 1660 1919 Juricliction
1687 1868 1806 1917 cl’un
1833 1869 2093 1918 sazerain.

317 1951 518 2000 Noticc.
553 1952 671 2016 (An.
701 1951 813 2012 944,
846 1954 905 1999 ‘28
933 1953 1111 2017 mars.)

877 2107 1017 2156 Cart.
1048 2106 1232 2172 Cluny,
1270 2114 1324 2154 n⁰
1350 2109 1463 2155 656.

324 2263 525 2315 Notitia
562 2263 793 2334 qualiter
829 2264 1081 2314 monachi
1116 2263 1426 2315 Cluniensis
1462 2263 1775 2314 monasterii
1814 2263 2094 2314 venientes

250 2363 373 2402 ante
407 2352 737 2422 presentiam
781 2351 965 2403 domni
1008 2352 1271 2424 Hugonis,
1319 2351 1700 2423 gloriosissimi
1743 2352 2089 2412 marchionis,

250 2440 719 2510 proclamaverunt
769 2461 824 2491 se
874 2439 939 2491 de
1000 2440 1302 2501 Ademaro,
1352 2439 1707 2512 Lugdunensi
1754 2440 2089 2502 vicecomite,

250 2529 342 2599 qui
384 2539 701 2600 preceptum
745 2529 890 2600 quod
937 2549 1034 2600 per
1086 2529 1384 2601 supradicti
1431 2528 1696 2600 principis
1746 2529 2032 2580 consilium
2068 2549 2094 2580 a

249 2637 376 2688 rege
412 2618 783 2688 acquisierunt
825 2638 889 2669 ex
926 2618 1185 2670 'l'osciaco
1221 2628 1272 2669 et
1307 2617 1558 2668 omnibus
1594 2617 1703 2668 suis
1740 2617 2089 2689 appenditiis,

251 2704 553 2777 infringere
589 2706 884 2768 nitebatur,
917 2717 968 2757 et
996 2717 1183 2757 contra
1211 2726 1366 2757 usum
1393 2705 1591 2778 regalis
1613 2706 1918 2777 potestatis,
1948 2705 2094 2776 quod

249 2813 341 2844 rex
379 2794 495 2845 Deo
523 2805 575 2844 et
612 2796 812 2846 Sancto
854 2796 1017 2846 Petro
1054 2794 1278 2845 dederat
1310 2794 1447 2845 tanti
1488 2794 1755 2864 principis
1800 2813 2087 2854 consensu,

249 2882 302 2931 in
332 2902 455 2932 suos
491 2893 813 2953 retorquere
852 2903 980 2934 usus
1022 2883 1340 2953 temptabat,
1379 2881 1566 2932 dicens
1608 2881 1972 2952 praescriptas
2006 2901 2091 2932 res

248 2989 311 3020 ex
346 2990 442 3020 suo
468 2971 845 3022 vicecomitatu
872 2991 1008 3022 esse.
1043 2974 1162 3037 Quo
1191 2970 1332 3021 circa
1366 2970 1591 3020 audiens
1618 2969 1917 3020 Ademarus
1944 2979 2091 3021 tante

249 3059 585 3109 auctoritatis
620 3069 958 3129 preceptum,
1006 3078 1270 3129 suumque
1322 3058 1590 3108 seniorem
1624 3057 1871 3129 partibus
1906 3077 2091 3109 mona-

250 3146 474 3197 chorum
503 3146 699 3208 favere,
740 3157 791 3197 et
827 3147 1066 3198 sentiens
1095 3146 1263 3198 nichil
1300 3167 1354 3197 se
1381 3146 1606 3197 rationis
1639 3147 1695 3197 in
1727 3146 1831 3197 hoc
1864 3146 2086 3207 habere,

248 3233 302 3284 in
322 3235 720 3305 presentiajam
749 3235 1011 3286 nominati
1032 3235 1360 3286 marchionis
1388 3245 1440 3286 et
1464 3234 1706 3286 fidelium
1726 3237 1840 3306 ejus
1862 3253 2090 3306 quorum

250 3323 437 3374 subter
472 3323 762 3375 scribenda
789 3333 914 3374 sunt
940 3324 1178 3385 nomina,
1209 3324 1457 3394 partibus
1494 3323 1680 3376 Sancti
1708 3322 1855 3375 Petri
1888 3322 2091 3373 dimisit

307 3487 346 3526 ’1.
383 3485 567 3527 Βοηιιᾶί
588 3499 669 3527 son
695 3499 810 3541 gage
837 3484 952 3543 qu’z'l
976 3486 1274 3527 restituerait.
