2259 3692
1006 251 1300 300 *221*-

229 379 584 453 quorumdam
619 380 673 430 in
708 389 893 429 nostra
922 373 1194 447 quondam
1235 387 1378 427 terra
1421 375 1564 446 apud
1600 374 1886 427 Gilliacum
1921 373 2067 426 habi-

226 470 456 521 tantium
482 468 782 527 hominum,
808 464 1101 518 Gumbaldi
1126 463 1380 515 videlicet
1415 464 1685 515 forestarii
1712 473 1764 514 at
1790 484 1894 534 que
1920 464 2070 516 Guit-
2132 452 2136 456 ¹

227 557 448 629 burgis,
481 576 639 627 quam
673 555 772 606 sub
801 555 900 605 hac.
927 552 1240 604 conditione
1268 572 1366 602 nos
1394 552 1588 602 emisse
1616 562 1845 612 constat,
1878 562 1935 602 ut
1963 571 2071 602 non

228 645 401 696 solum
436 646 570 716 ipsa,
601 663 786 695 verum
821 642 980 693 etiam
1023 641 1197 692 omnis
1232 660 1297 691 ex
1349 660 1408 691 ea
1451 640 1722 691 nascitura
1755 641 2068 712 progenies,

227 733 559 804 pauperibus
595 732 921 783 elemosinae
950 730 1164 789 serviat,
1202 728 1284 779 vel
1327 728 1526 779 alicubi
1554 729 1645 779 ubi
1687 730 1838 798 jussa
1886 728 2066 779 suerit.

228 821 385 874 Unde
420 832 478 872 ut
505 821 730 871 subhac
766 819 1023 870 servitute
1057 827 1323 889 perpetuo
1366 836 1582 867 manere
1627 817 1819 887 possit,
1858 815 2071 887 fidejus-

230 930 406 961 sorem
463 909 621 960 nobis
685 928 783 979 pro
838 927 898 958 ea
948 906 1287 977 praedictum
1342 905 1698 956 vicecomiten
1756 904 2070 957 Gilduinum

231 998 507 1049 dominum
535 1016 688 1047 suum
724 994 1068 1048 Godefredus
1096 994 1264 1054 dedit,
1296 1003 1354 1044 ut
1387 994 1452 1044 ab
1488 993 1633 1044 omni
1654 1013 1769 1044 eam
1791 992 2073 1044 adversum

229 1098 327 1129 nos
354 1078 419 1129 de
454 1098 512 1129 ea
540 1078 859 1149 insurgente
889 1075 1154 1127 calumnia
1183 1075 1472 1145 acquietet.
1506 1076 1676 1145 Hujus
1703 1075 1781 1125 rei
1806 1073 2074 1144 simulque

227 1166 556 1217 venditionis
611 1165 843 1216 testibus
909 1164 1026 1215 istis
1083 1162 1394 1234 hujusmodi
1449 1162 1666 1213 nomina
1722 1162 2068 1213 habentibus.

230 1254 282 1326 (8
317 1254 502 1326 nones).

233 1517 297 1564 ΝΟ
326 1521 457 1567 154.
501 1516 636 1582 Set-f
661 1516 820 1565 lihere'
852 1535 991 1582 pour
1031 1516 1161 1583 qu'il
1190 1516 1371 1581 puisse
1408 1518 1513 1564 &tre
1541 1515 1693 1564 clerc.
1739 1515 2075 1565 Restrictions

298 1598 449 1646 mise-5
474 1600 503 1646 εὶ
532 1597 797 1646 ἰ’θ.Υενει“οθ
823 1597 883 1646 cle
902 1615 982 1646 ses
1007 1597 1185 1646 clroils.
1213 1595 1485 1645 Condition
1509 1595 1598 1645 cles
1617 1596 1822 1662 enfanls
1840 1599 1866 1645 a
1889 1602 2070 1645 naftre.

300 1679 418 1729 (An.
452 1679 770 1744 1032-1064.)

552 1849 701 1897 Liber
727 1849 789 1898 de
816 1849 976 1898 servis
1004 1849 1128 1914 Maj.
1159 1849 1300 1898 Mon.
1330 1848 1512 1908 XLIX,
1547 1848 1613 1913 (p.
1643 1847 1746 1913 47).

646 2021 725 2070 De
759 2019 991 2071 Radulfo
1019 2019 1193 2071 libero
1227 2025 1414 2070 servoa
1442 2018 1655 2070 effecto.

306 2136 527 2189 Noverit
570 2138 859 2208 posteritas
904 2137 1050 2209 quod
1098 2137 1149 2188 d.
1190 2138 1274 2188 ab.
1321 2137 1383 2188 A.
1431 2148 1483 2188 et
1518 2139 1642 2208 Maj.
1692 2139 1839 2189 Mon.
1884 2136 2075 2188 fratres

233 2224 504 2295 quendam
553 2245 765 2276 servum
809 2226 923 2277 Soti
974 2227 1158 2287 Mart.,
1205 2227 1423 2276 nomine
1472 2225 1784 2287 Radulsum,
1844 2225 2075 2276 liberum

233 2312 479 2364 fecerunt
534 2323 586 2364 et
635 2313 1055 2377 clericaverunt3
1093 2314 1187 2364 tali
1229 2315 1438 2364 ratione
1479 2325 1532 2365 et
1586 2314 1981 2375 convenientia,
2019 2324 2074 2364 ut

235 2421 509 2471 nunquam
536 2422 591 2452 se
619 2421 645 2452 a
682 2402 795 2453 Scti
830 2402 1051 2453 Martini
1086 2402 1305 2453 servitio
1341 2401 1407 2453 ad
1439 2402 1645 2453 alienos
1685 2403 1957 2454 transiens
1991 2421 2075 2453 au-

234 2488 388 2549 ferat,
420 2489 515 2540 sed
543 2489 680 2540 sicut
713 2491 864 2560 prius
907 2491 1052 2541 omni
1088 2490 1343 2541 famulatu
1378 2491 1657 2541 monachis
1700 2492 1815 2560 ejus
1849 2490 2075 2541 subicia-

234 2586 339 2627 tur.
381 2576 541 2644 Quod
575 2578 618 2627 si
647 2598 701 2628 se
737 2578 1111 2639 substraxerit,
1143 2588 1426 2629 rewicetur
1454 2589 1510 2628 ut
1545 2578 1822 2650 fugitivus,
1847 2588 1900 2629 et
1926 2598 2075 2648 repe-

232 2675 376 2716 tatur
425 2676 483 2716 ut
537 2686 742 2727 servus,
790 2667 1102 2737 ubicunque
1149 2666 1328 2717 suerit.
1384 2669 1672 2718 Praeterea
1721 2677 1779 2717 ut
1826 2676 1970 2717 caste
2021 2687 2075 2716 se

233 2765 372 2825 agat,
412 2765 463 2805 et
497 2754 823 2825 pudiciciam
864 2765 1106 2819 tucatur3
1145 2767 1197 2806 ct
1232 2756 1274 2806 si
1311 2755 1376 2806 ad
1417 2755 1637 2806 ordines
1679 2755 2075 2806 ecclesiasticos

231 2853 512 2913 promotus
557 2842 736 2903 suerit,
784 2864 1059 2915 nunquam
1117 2865 1246 2895 ausu
1304 2843 1496 2895 illicito
1545 2844 1758 2895 mulieri
1816 2844 2070 2902 societur,

232 2932 380 3001 turpi
415 2931 671 3002 cupidine
707 2931 920 2983 illectus
948 2943 1001 2983 ct
1028 2933 1230 2984 nefaria
1263 2934 1588 2993 temeritate,
1629 2933 1767 2983 sicut
1802 2930 2070 2990 nonnulli,

235 3018 523 3089 decethS,⁴
569 3020 660 3090 qui
713 3020 946 3090 publicis
997 3021 1174 3072 fronte
1223 3021 1436 3092 perdita
1497 3021 1701 3091 nuptiis
1752 3030 1939 3070 contra
1988 3021 2075 3089 jus

235 3105 440 3176 sasque,
494 3108 753 3159 uxoribus
804 3108 1082 3181 sacrilegis
1133 3110 1292 3160 immo
1351 3109 1758 3160 scelestioribus
1815 3107 2075 3159 adulteris

237 3194 579 3264 copulantur.
622 3196 718 3247 Sin
753 3216 879 3246 vero
915 3197 1144 3248 clericus
1179 3197 1351 3248 solum
1394 3217 1616 3248 manens
1652 3215 1872 3248 uxorem
1917 3195 2075 3246 duxe-

236 3283 324 3343 rit,
375 3282 581 3334 sructus
639 3285 772 3354 ejus,
821 3284 865 3334 si
915 3285 1124 3336 scilicet
1164 3285 1397 3337 infantes
1439 3285 1710 3345 habuerit,
1762 3303 1881 3335 cum
1930 3282 2075 3334 omni

294 3477 332 3524 a)
365 3472 453 3514 Lis.
484 3472 551 3513 Dc
581 3472 633 3513 R.
665 3488 799 3515 servo
827 3473 977 3516 libero
1005 3489 1049 3517 e.
