2259 3692
961 185 1248 234 -207—

179 474 244 520 ΝΟ
274 476 405 522 142.
452 471 759 519 Corace-§sion
799 470 861 518 (le
899 476 1061 518 terres
1092 486 1197 534 par
1236 485 1331 515 une
1367 467 1590 534 abbaye.
1640 470 1772 517 Gens
1813 469 2017 518 annuel.

437 551 649 600 Faculte
674 550 938 600 cI'aIiener.
972 548 1288 598 Conclitions.
1322 548 1441 613 (An.
1469 550 1757 613 991-1000.)

1788 710 1810 724 ρ

345 713 540 762 Cartul.
571 714 631 761 de
659 711 999 760 Marmoutier
1024 728 1154 776 pour
1180 709 1225 757 10
1252 709 1463 768 Dunois,
1496 710 1662 767 n0'VI,
1692 709 1758 774 (p.
1796 722 1854 773 s).

302 871 503 923 Notitia
533 867 780 922 Gisbaldi
815 877 866 918 01
902 866 1169 919 Gnidonis
1200 865 1265 916 de
1291 875 1436 916 terra
1472 865 1537 915 de
1573 865 1900 916 Chamartio.

255 999 314 1047 ln
355 995 572 1046 nomine
615 1002 830 1044 sanctae
872 1002 924 1042 01
966 991 1276 1042 individuae
1318 990 1597 1052 trinitatis,
1637 990 1881 1041 volumus
1924 1011 2024 1063 ego

182 1083 474 1135 Bernerius
530 1083 693 1133 abbas
753 1080 937 1131 domni
984 1090 1036 1130 et
1082 1079 1311 1150 piissimi
1366 1079 1586 1130 Martini
1636 1089 1796 1149 atque
1845 1079 2026 1130 eximii

182 1171 508 1222 confessoris
535 1170 758 1240 Majoris
794 1168 1125 1229 monasterii,
1164 1188 1258 1218 seu
1284 1167 1458 1218 omnis
1485 1187 1617 1239 grex
1643 1167 1885 1238 ejusdem
1921 1167 2024 1218 loci

182 1270 368 1309 notum
395 1258 512 1308 fieri
546 1268 598 1308 et
630 1257 1011 1329 percognitum
1045 1256 1345 1306 industriae
1381 1266 1596 1306 sanctae
1625 1255 1712 1306 dei
1740 1255 2020 1315 ecclesiae,

183 1367 281 1398 1100
331 1367 438 1397 11011
481 1356 534 1396 01
579 1345 830 1395 fidelibus
881 1344 1143 1415 ejusdcm⁷
1189 1354 1297 1394 tam
1346 1343 1599 1394 videlicet
1645 1344 2024 1415 praesentibus

184 1455 341 1506 quam
376 1434 589 1493 suturis,
622 1433 958 1503 maximeque
992 1432 1398 1483 successoribus
1425 1432 1645 1492 nostris,
1679 1433 1803 1503 quia
1838 1432 2025 1503 depre-

184 1524 314 1574 catis
359 1543 456 1573 nos
499 1521 632 1572 duos
679 1541 743 1572 ex
794 1521 994 1571 nostris
1041 1520 1292 1571 fidelibus
1337 1520 1590 1571 videlicet
1635 1521 1928 1572 Gisbaldus
1975 1531 2026 1571 et

184 1610 382 1672 Guido,
428 1620 486 1661 ut
531 1609 595 1660 de
639 1620 784 1660 terra
823 1629 958 1680 quac
1003 1608 1243 1679 pertinet
1286 1608 1354 1659 ad
1399 1608 1633 1670 alodum,
1674 1609 1766 1680 qui
1806 1619 2026 1660 vocatur

184 1696 543 1759 Caimarcus¹‚
588 1698 748 1748 51111111
774 1718 899 1748 vero
934 1697 1085 1747 illum
1120 1697 1175 1747 in
1215 1717 1355 1769 pago
1401 1698 1659 1748 Dunense
1694 1708 1746 1748 01
1779 1717 1938 1768 quem
1972 1697 2026 1748 in

182 1787 405 1858 proprio
450 1789 571 1857 jure
623 1796 905 1847 tenemus,
966 1796 1174 1856 partem
1225 1785 1458 1856 aliquam
1500 1785 1567 1836 ad
1609 1785 2022 1846 edificandunff,

184 1876 281 1926 sub
317 1874 705 1926 constitutione
741 1874 1016 1925 annuatim
1052 1894 1272 1925 censum
1310 1873 1597 1935 reddendi,
1643 1894 1740 1945 per
1781 1874 2026 1925 notitiam

184 1973 398 2014 nostrae
436 1962 770 2013 auctoritatis
809 1963 884 2013 eis
932 1962 1373 2013 concederemus.
1415 1963 1658 2027 Quorum
1693 1962 1852 2014 ctiam
1886 1963 2028 2033 peti-

182 2050 318 2101 tioni
360 2050 593 2102 libenter
642 2045 966 2102 consensum
1004 2051 1339 2121 prebuimus.
1392 2051 1715 2102 Continctur
1758 2072 1885 2102 vero
1931 2051 2028 2103 ali-

184 2138 314 2209 quid
359 2138 424 2189 de
471 2138 657 2189 cadem
698 2149 842 2190 terra
885 2139 951 2190 ad
999 2141 1213 2190 Petram
1258 2159 1393 2210 quae
1443 2150 1664 2190 vocatur
1707 2139 2022 2191 Landaiaca.

183 2227 525 2278 Terminatur
551 2227 683 2278 haec
715 2238 858 2278 terra
894 2248 957 2278 ex
993 2247 1097 2278 una
1135 2237 1287 2298 parte
1329 2227 1514 2280 Sancti
1552 2228 1772 2279 Martini
1806 2238 1970 2289 terra,
2003 2248 2029 2278 a

185 2314 307 2365 villa
345 2315 608 2375 Marboei,
647 2316 968 2366 terminatur
1001 2315 1105 2366 alio
1131 2335 1258 2366 vero
1287 2315 1454 2366 latere
1479 2326 1623 2367 terra
1652 2316 1837 2368 Sancti
1863 2316 2024 2372 Aviti,

184 2401 344 2452 tertia
370 2412 522 2472 parte
559 2403 829 2453 Blanchae
855 2404 984 2456 Viae
1017 2413 1181 2464 terra,
1214 2413 1402 2474 quarta
1429 2403 1682 2454 videlicet
1707 2414 1859 2475 parte
1884 2414 2029 2455 terra

188 2490 375 2541 Sancti
411 2491 672 2541 Johannis
699 2491 1022 2542 terminatur
1057 2501 1109 2541 et
1148 2501 1407 2562 quantum
1445 2491 1798 2542 interioribus
1836 2493 2029 2543 horum

187 2578 457 2628 confinum
500 2579 775 2648 pertinere
817 2579 1048 2639 videtur,
1101 2589 1316 2650 praeter
1364 2577 1514 2630 ΧΙοἰιῐι
1563 2600 1853 2650 arpennos,
1906 2591 2028 2631 octo

184 2665 437 2716 videlicet
480 2665 544 2717 de
581 2667 750 2717 vineis
789 2678 840 2718 01
874 2677 983 2718 tres
1018 2687 1082 2717 cx
1109 2667 1250 2718 culta
1284 2677 1447 2728 terra,
1488 2668 1579 2738 qui
1606 2667 1854 2738 adjacent
1888 2668 2029 2719 inter

185 2753 441 2804 Blancam
475 2755 627 2807 Yiam
670 2766 722 2805 01
758 2765 957 2806 terram
994 2756 1177 2807 Sancti
1217 2756 1496 2807 Johannis.
1532 2757 1590 2806 In
1626 2755 1728 2806 alio
1755 2777 1881 2806 vero
1909 2756 2028 2807 1000

186 2841 251 2892 (10
289 2842 565 2912 praedicta
600 2853 743 2894 terra
784 2846 838 2895 L.
880 2864 1150 2915 arpennos
1184 2844 1236 2894 in
1269 2844 1392 2895 villa
1429 2844 1786 2914 Crispiniaco,
1826 2866 1889 2895 co
1925 2845 2028 2895 sei-

186 2929 313 2980 licet
362 2940 551 2981 tenore
601 2932 738 2982 hane
787 2943 985 2982 terram
1042 2932 1118 2982 015
1177 2933 1574 2993 0011001151111115,
1637 2943 1692 2983 111
1747 2932 2027 2983 licenciam

186 3017 421 3068 habeant
456 3018 689 3089 desuper
730 3020 990 3090 operandi
1030 3020 1396 3091 quidcumque
1422 3020 1692 3071 voluerint
1725 3021 1779 3071 in
1817 3020 2028 3071 ediffica-

186 3105 334 3155 tione
362 3115 413 3156 et
449 3106 500 3156 in
537 3107 930 3167 melioratione,
970 3118 1026 3158 ut
1061 3108 1357 3160 secundum
1383 3109 1658 3180 antiquam
1686 3108 2028 3160 consuetudi-

247 3328 284 3367 1.
324 3327 546 3368 Domaine
573 3326 627 3369 de
658 3328 896 3371 Clzamars.

247 3394 287 3434 2.
325 3394 420 3433 Pas
445 3401 735 3451 proprement
761 3395 1030 3443 constr-nire,
1055 3395 1174 3436 mais
1201 3394 1439 3454 exploiter.
