2259 3692
959 208 1253 258 —222—

186 352 371 383 eornm
429 333 686 404 deinceps
743 335 1026 406 progenie,
1068 335 1182 386 Soti
1233 337 1452 387 Martini
1504 338 1590 398 sit,
1630 340 1873 391 servituti
1925 361 2029 414 qua

186 431 339 491 pater
367 442 553 472 eorum
581 432 869 492 antequam
889 422 1120 475 clericus
1148 423 1302 475 fieret
1322 425 1726 497 astringebatur
1760 427 2025 482 addictuS.

187 512 388 561 Horum
417 510 656 561 omnium
692 509 1044 583 fidejussores
1071 511 1222 563 dedit
1249 514 1296 563 (3
1334 515 1517 583 nones).

182 798 247 843 ΝΟ
275 802 406 848 155.
450 797 646 847 Source
686 797 747 848 de
786 817 1020 867 servaqe.
1070 800 1328 867 Offrande
1369 800 1429 850 (le
1469 801 1729 851 soi-meme
1773 803 1837 868 (et
1877 803 1939 852 cle
1971 822 2025 852 sa

236 878 498 944 posterite')
561 882 589 928 ἐι
651 898 713 927 un
772 880 1154 931 &tablis-semen!
1213 882 1617 949 ecclesiaslique.
1685 882 2022 934 Cere'monial.

246 958 913 1029 Symhoh'smejuridique.
947 963 1065 1028 (An.
1102 964 1417 1030 1032-1064.)

584 1145 735 1193 Liber
761 1146 823 1194 de
858 1147 1017 1195 servis
1046 1147 1170 1211 Maj.
1202 1147 1343 1196 Mon.
1374 1149 1437 1207 II,
1472 1149 1615 1214 <p.3·).

443 1334 523 1382 De
552 1330 854 1383 Baldoneto
884 1352 1038 1383 servo
1066 1331 1261 1384 effecto
1298 1334 1485 1386 Sancti
1520 1335 1759 1386 Martini.

249 1479 402 1531 Sicut
423 1480 598 1531 omnis
625 1480 837 1551 pictura
865 1491 1131 1532 vetustate
1152 1481 1466 1543 obsolescit,
1492 1482 1595 1533 nisi
1617 1482 1768 1533 novis
1793 1483 2025 1535 subinde

176 1567 455 1619 coloribus
490 1579 793 1640 reparetur,
830 1570 1050 1640 penitus
1093 1569 1435 1632 obliteratur,
1476 1572 1551 1621 sic
1588 1571 1762 1622 omnis
1797 1572 1875 1623 rei
1909 1592 2025 1645 ges-

174 1668 258 1707 tae
287 1658 508 1718 noticia,
548 1658 653 1708 nisi
688 1657 992 1709 litterarum
1034 1658 1366 1710 liniamentis
1402 1660 1726 1730 quibusdam
1767 1660 2022 1733 depinga-

174 1756 281 1806 tur,
329 1746 632 1810 evanescit3
677 1749 952 1818 quoniam,
992 1748 1133 1798 sicut
1167 1768 1324 1798 omne
1366 1758 1645 1799 terrenum
1685 1749 2022 1820 corruptioni

175 1835 480 1905 proximum
517 1846 569 1886 et
610 1856 768 1886 omne
809 1856 1132 1907 corporeum
1164 1836 1553 1908 temporalitati
1595 1837 1907 1899 obnoxium,
1947 1839 2022 1889 sic

175 1933 227 1973 et
277 1924 451 1974 omnis
493 1925 754 1975 memoria
795 1925 1126 1986 mortalium,
1168 1925 1443 1976 dumtaxat
1483 1925 1744 1977 oblivioni
1777 1926 2022 1997 proxima

174 2021 225 2061 ct
259 2032 396 2082 opus
430 2011 536 2062 fine
572 2011 850 2064 deficiens.
893 2013 1133 2065 Proinde
1175 2034 1242 2064 ne
1270 2025 1520 2085 posteros
1555 2024 1771 2065 nostros
1807 2025 2021 2066 actuum

169 2110 479 2150 nostrorum
530 2101 750 2152 notione
805 2101 1133 2162 fraudemus,
1189 2102 1334 2172 quod
1394 2103 1594 2153 nesciri
1646 2103 1714 2153 sit
1766 2103 2019 2154 damnum

172 2187 509 2239 durabilitati
542 2189 817 2240 tradamus
846 2189 1167 2241 litterarum.
1207 2193 1405 2242 Notum
1442 2191 1510 2241 sit
1544 2191 1710 2263 igitur
1752 2192 2018 2242 universis

172 2277 580 2328 successoribus
601 2279 802 2329 nostris
830 2278 976 2349 quod
1004 2278 1233 2329 famulus
1262 2278 1500 2350 quidam,
1523 2299 1586 2329 ex
1608 2280 1925 2350 parentibus
1953 2279 2018 2330 li-

170 2365 313 2416 beris
341 2376 510 2427 ortus,
535 2367 753 2418 nomine
773 2367 1127 2429 Bald011etuS‚
1154 2387 1333 2418 amore
1361 2367 1542 2418 divino
1565 2378 1940 2439 compunctus,
1961 2379 2019 2419 ut

171 2454 272 2504 sibi
294 2454 603 2527 benignitas
625 2456 745 2517 Dei,
771 2456 914 2527 apud
935 2476 1094 2527 quem
1121 2476 1387 2528 personae
1409 2455 1610 2507 nullius
1638 2457 1901 2528 acceptio,
1923 2456 2019 2508 sed

172 2542 602 2614 uniuscujusque
633 2544 925 2615 respicitur
951 2545 1221 2606 meritum,
1246 2545 1541 2616 propiciari
1571 2545 1908 2617 dignaretur,
1941 2565 2016 2597 se-

174 2631 463 2702 metipsum
488 2652 587 2703 pro
607 2633 753 2684 illius
775 2653 954 2684 amore
974 2632 1201 2684 tradidit
1227 2634 1281 2684 in
1309 2653 1519 2685 servum
1547 2635 1674 2686 Scto
1693 2636 1852 2685 Mart.
1884 2635 2010 2704 Maj.

170 2721 343 2783 Mon.;
382 2721 454 2771 ita
480 2720 737 2772 videlicet
771 2723 1001 2783 ratione,
1040 2732 1116 2783 ut,
1156 2741 1263 2773 non
1284 2721 1456 2772 solum
1483 2722 1618 2792 ipse,
1648 2742 1833 2773 verum
1855 2722 2013 2772 etiam

167 2809 344 2859 omnis
372 2829 436 2860 ex
470 2830 532 2860 eo
568 2810 840 2861 nascitura
882 2810 1195 2882 progenies,
1230 2812 1351 2880 jure
1393 2820 1660 2880 perpetuo
1695 2812 1820 2880 Maj.
1860 2812 2008 2861 Mon.

167 2906 328 2967 atque
380 2898 637 2948 fratribus
681 2898 923 2968 ejusdem
974 2898 1078 2948 loci
1121 2897 1433 2948 conditione
1487 2897 1667 2948 servili
1701 2897 2006 2948 famuletur.

167 2986 237 3036 Ut
265 2995 440 3035 autem
474 2986 606 3036 haec
643 2987 724 3036 sui
757 2986 978 3036 traditio
1017 2986 1216 3036 certior
1263 2996 1312 3036 ct
1357 2986 1658 3036 evidentior
1702 2996 2007 3057 appareret,

166 3071 302 3142 ipse,
335 3073 614 3145 signorum
642 3075 801 3124 etiam
842 3073 1032 3124 cordas
1075 3073 1214 3124 collo
1250 3094 1345 3124 suo
1397 3073 1784 3125 circumferens
1820 3085 1871 3125 et
1911 3093 2010 3144 pro

166 3161 541 3232 recognitione
592 3163 731 3212 servi
776 3164 917 3212 ΙΙΙΙ0ιῆ
952 3161 1016 3211 de
1066 3162 1242 3232 capite
1286 3162 1509 3232 proprio
1554 3162 1805 3213 denarios
1849 3181 2011 3232 super

167 3248 333 3300 altare
370 3250 485 3301 Scti
518 3252 675 3301 Mart.
716 3269 945 3320 ponens,
994 3251 1349 3320 semetipsum
1382 3250 1744 3321 omnipotenti
1776 3250 2009 3301 Domino

165 3336 241 3386 sic
274 3337 490 3388 obtulit.
524 3337 753 3390 Nomina
786 3358 913 3388 vero
957 3339 1177 3389 testium
1218 3338 1311 3408 qui
1351 3338 1700 3389 traditionem
1746 3338 1885 3388 hane
1930 3337 2008 3387 vi-

164 3423 354 3475 dentes
382 3435 431 3476 ct
460 3425 740 3476 audientes
777 3425 1066 3486 affuerunt,
1100 3426 1288 3476 subtus
1311 3426 1511 3476 inserta
1533 3436 1674 3476 sunt.
1707 3427 1792 3495 (12
1819 3426 2001 3493 πίνης).
