2259 3692
997 120 1260 168 -80-

210 249 430 309 rogatus
465 238 565 290 fuit
597 239 747 310 ipsus
782 241 1091 294 Allefredus
1134 254 1187 294 et
1234 264 1492 315 germano
1539 265 1635 297 suo
1669 246 1954 312 Allifredo,
1992 262 2051 302 ut

208 326 252 376 si
285 326 402 396 ipsa
439 327 623 379 charta
665 349 790 380 vera
823 329 1027 392 aderat,
1069 343 1158 383 aut
1196 332 1236 382 si
1273 333 1388 403 ipsa
1429 333 1732 404 adprobare
1765 339 2045 407 potebant,

207 424 296 464 aut
344 434 471 465 non.
505 416 706 467 Taliter
755 417 1026 480 dixerunt,
1066 420 1211 490 quod
1260 421 1376 491 ipsa
1419 422 1599 473 charta
1651 423 1906 476 adverare
1940 447 2046 477 non

204 503 485 572 potebant,
518 504 612 554 sed
656 504 784 556 salsa
825 506 879 556 in
914 508 1165 559 omnibus
1208 508 1412 569 aderat,
1451 521 1503 560 et
1543 510 1660 581 ipsa
1702 515 2048 566 conscribere

202 602 523 661 rogaverant
549 612 648 644 nee
674 614 772 664 per
806 595 955 645 nullo
990 596 1149 647 modo
1184 597 1250 648 ad
1283 597 1675 669 ingenuitatem
1711 621 1766 651 se
1798 612 2014 654 tensare
2036 602 2049 627 ¹

202 698 309 728 non
367 681 646 750 potebant.
709 682 798 733 Sic
856 683 921 734 ad
973 696 1260 754 praesente
1309 685 1423 756 ipsa
1468 686 1738 739 salsitione
1785 710 1882 760 per
1932 691 2046 761 ipsa

201 766 384 817 charta
427 769 920 832 revuadiaverunt²,
976 783 1028 822 et
1074 773 1128 822 in
1175 774 1451 824 servitium
1499 776 1670 826 saneti
1720 777 1931 828 Iuniani
1980 778 2046 829 de

198 865 350 923 parte
377 857 625 927 genitore
662 878 846 909 corum
880 859 1145 911 Allifredo
1174 882 1229 912 se
1257 875 1648 933 coguoverunt,
1688 875 1739 915 et
1774 865 1840 915 ad
1874 866 2042 936 pedes

197 942 367 1012 ipsius
402 945 691 996 Ramnulso
728 967 782 998 se
817 948 1295 1018 postradederunt,
1335 962 1387 1001 et
1420 952 1643 1002 vuadios
1679 952 1744 1003 de
1792 954 2043 1005 omnibus

197 1030 244 1080 ei
290 1031 577 1093 dederunt,
617 1054 713 1104 per
757 1035 887 1105 quid
935 1036 1051 1107 ipsa
1094 1037 1364 1089 salsitioue
1409 1051 1910 1110 praesentaverunt,
1960 1043 2042 1094 vel

195 1139 292 1189 per
345 1120 475 1190 quid
520 1121 614 1171 illo
661 1123 878 1173 servitio
922 1126 1340 1177 contenderunt.
1390 1128 1618 1179 Godilus
1664 1130 1877 1181 missus.
1923 1131 2036 1203 Sig.

194 1208 570 1259 Vuaraehione
598 1209 738 1279 (puis
765 1213 782 1260 ‘l
801 1214 827 1261 3
852 1212 1038 1284 nones).
1067 1215 1204 1264 Data
1231 1214 1285 1263 in
1314 1234 1454 1265 anno
1490 1217 1748 1277 seeundo,
1778 1230 2041 1289 regnante

193 1293 391 1345 domno
429 1297 731 1348 Lhodavieo
767 1300 1117 1370 Imperatore.

189 1559 256 1606 ΝΟ
282 1563 376 1609 67.
420 1558 555 1624 Serf
570 1560 963 1627 asfranchipar
991 1581 1053 1610 un
1078 1563 1200 1611 tz'ers
1227 1566 1255 1612 ὰ
1286 1563 1619 1632 I'instifsation
1647 1565 1713 1614 da
1735 1572 1919 1616 maftre
1946 1568 2040 1634 qui

256 1647 370 1688 veut
396 1640 553 1689 e'viter
582 1640 624 1689 la
654 1643 1067 1708 respor1.s·al)1‘l1'te,
1100 1646 1335 1693 vis-a-vis
1360 1646 1426 1694 (Iu
1456 1654 1633 1708 comte,
1662 1647 1780 1695 (I'un
1810 1656 2036 1697 meurtre

254 1721 463 1769 commis
481 1740 585 1787 par
612 1741 665 1771 ee
691 1724 818 1789 serf.
848 1725 1032 1774 Action
1053 1726 1332 1794 puhlicsue.
1368 1729 1486 1792 (An.
1517 1730 1649 1793 819.)

596 1886 731 1933 Hist.
761 1887 1044 1951 Langued„
1075 1896 1113 1937 t.
1145 1891 1208 1949 II,
1241 1889 1428 1938 Preuv.
1458 1898 1511 1937 11Ο
1536 1891 1617 1938 49.

260 2039 487 2110 Rogavit
542 2040 792 2092 Addilius
842 2043 1002 2094 Aster
1052 2044 1268 2114 quando
1330 2045 1477 2095 venit
1532 2045 1585 2095 in
1644 2046 2029 2097 monasterium

185 2127 373 2177 Sancti
401 2128 548 2179 Petri
583 2140 635 2179 et
670 2130 841 2190 Pauli,
883 2133 1034 2202 eujus
1062 2132 1291 2183 ecelesia
1326 2133 1424 2184 sita
1452 2144 1566 2184 erat
1598 2134 1859 2184 moderno
1892 2144 2028 2184 tem-

180 2234 315 2284 pore
348 2215 402 2265 in
438 2216 557 2267 loeo
595 2218 885 2279 Caunensi,
925 2240 1087 2290 super
1120 2221 1234 2271 rivo
1267 2221 1725 2293 Argento-duplo,
1766 2222 2027 2273 suburbio

179 2304 604 2366 Ventaionense,
665 2307 943 2357 territorio
994 2309 1369 2370 Narbonense,
1423 2321 1724 2382 rogaverat,
1783 2310 2022 2381 inquam,

178 2390 430 2442 Addilius
473 2394 773 2445 Johannem
822 2396 1064 2466 ejusdem
1112 2398 1426 2448 monasterii
1461 2399 1728 2459 abbatem,
1767 2409 1825 2449 ut
1867 2398 1910 2448 si
1961 2398 2026 2449 de

179 2479 478 2531 Benedieto
524 2502 677 2533 servo
721 2504 816 2534 suo
851 2484 1057 2555 aliquid
1099 2486 1444 2558 contingeret
1492 2486 1557 2537 de
1605 2497 1757 2557 parte
1800 2486 2024 2557 impera-

176 2567 310 2618 toris
360 2579 449 2619 aut
485 2571 802 2642 Berengarii
861 2573 1071 2623 comitis
1123 2574 1215 2644 qui
1271 2594 1391 2625 eum
1441 2575 1756 2645 requirebat
1799 2585 2025 2645 propter

177 2654 527 2707 homicidium
572 2658 716 2709 unde
752 2680 872 2710 eum
914 2660 1297 2731 interpellabat
1339 2673 1428 2712 aut
1469 2662 1512 2712 si
1546 2673 1718 2712 morte
1758 2682 2023 2732 preoccu-

175 2753 331 2811 patus
366 2743 605 2805 suisset3,
645 2747 942 2818 ingenuum
976 2747 1131 2799 eumb‘
1166 2748 1365 2799 faceret
1391 2760 1441 2800 et
1471 2750 1729 2800 cartulam
1756 2750 2021 2800 libertatis

176 2830 225 2880 ei
267 2831 560 2883 traderet&
600 2834 756 2886 Unde
800 2836 964 2886 abbas
1006 2837 1071 2886 ab
1107 2837 1253 2887 omni
1281 2839 1413 2909 jugo
1450 2838 1631 2888 servili
1665 2837 2021 2888 Benedictum

234 3009 274 3048 1.
311 3007 558 3050 Pre'tendre
584 3011 650 3064 (en
669 3011 870 3067 justice),
903 3019 994 3053 mot
1021 3012 1272 3070 teclenique.

233 3075 274 3114 2.
309 3073 376 3115 Jls
403 3082 633 3117 remettent
661 3075 707 3118 la
734 3077 888 3118 charte
913 3079 1073 3132 sccusse
1097 3085 1137 3119 et
1163 3078 1363 3120 donnent
1389 3095 1446 3121 un
1465 3094 1580 3135 gage
1601 3079 1655 3121 de
1679 3078 1726 3121 la
1751 3080 2019 3138 reparation

174 3136 236 3179 clu
254 3139 490 3197 pre'juclice
512 3143 662 3183 cause.
683 3144 730 3182 Je
751 3143 1047 3201 comprends:
1065 3162 1079 3183 «
1102 3143 1161 3185 ils
1180 3161 1225 3186 se
1239 3149 1575 3203 prosternerent
1595 3164 1609 3186 »
1630 3161 1728 3187 aux
1741 3145 1876 3204 pleds
1893 3145 1946 3187 (le
1960 3148 2016 3187 R.

232 3207 272 3246 3.
310 3205 396 3247 S’il
419 3207 731 3250 encouraitla
756 3210 887 3267 peine
911 3208 964 3250 cle
987 3218 1104 3252 mort
1131 3212 1238 3269 (par
1264 3213 1561 3266 contumace).

233 3272 273 3311 4.
312 3274 368 3312 Le
393 3274 498 3328 serf.

231 3338 272 3379 5.
308 3339 434 3380 Pour
461 3338 529 3381 lui
553 3341 692 3382 servir
718 3339 772 3382 de
795 3341 913 3383 titre.
