2259 3692
981 180 1274 229 -158—

201 475 267 521 ΝΟ
297 480 429 526 108.
472 475 702 542 Partaqe
727 475 1004 526 cl'he'reclile
1022 494 1127 543 par
1161 477 1475 525 transaction
1501 495 1562 525 en
1588 477 1803 543 justice.
1833 480 2047 529 For-mes

264 555 490 605 diverses
519 555 665 623 (sides
695 557 856 622 sacta,
884 557 1104 623 festuca,
1133 559 1270 623 eta).
1308 558 1543 611 Te'moins
1568 557 1630 607 (Ie
1657 559 1703 608 la
1732 562 2043 610 transaction

262 644 480 702 (sar-ants
505 637 566 686 cle
594 637 639 686 Ia
667 638 830 687 notice
857 645 904 688 et
928 638 1016 688 cles
1041 639 1233 706 sique&
1269 639 1386 704 (An.
1418 640 1528 700 878,
1559 641 1717 706 ειοίιί.)

744 823 875 870 Hist.
907 823 1064 885 Lang.
1096 824 1158 882 II,
1191 823 1276 870 Pr.
1307 832 1359 870 110
1387 827 1499 871 201.

267 1005 471 1057 Notitia
528 1025 756 1076 quorum
812 1006 1179 1057 roborationis
1234 1007 1317 1058 vel
1373 1008 1652 1081 signacula
1700 1030 1886 1062 eorum
1949 1012 2042 1083 qui

194 1094 384 1144 subtus
431 1104 687 1144 tenentur
738 1094 948 1155 inserti,
997 1094 1229 1165 qualiter
1269 1107 1535 1147 venerunt
1577 1097 1745 1168 aliqui
1792 1099 2040 1151 homines

192 1182 275 1232 his
302 1181 633 1243 nominibus,
661 1182 918 1253 Segarius
946 1193 999 1232 ct
1023 1182 1297 1234 Alidulfus
1324 1203 1538 1235 necnon
1565 1195 1616 1235 et
1646 1186 1916 1238 Hictarius
1946 1208 2039 1239 scu

191 1281 242 1320 et
277 1269 634 1341 Ingilbaldus,
665 1269 919 1321 videlicet
945 1290 1009 1321 ex
1036 1270 1137 1321 alia
1169 1282 1322 1341 parte
1351 1273 1649 1324 Karissima
1677 1274 1950 1327 abbatissa
1977 1296 2040 1327 ex

188 1358 375 1430 regula
431 1358 603 1408 sancti
661 1358 943 1410 Saturnini
1000 1360 1314 1410 monasterii
1373 1360 1774 1413 Ruthenensis¹
1823 1363 2038 1415 civitate

187 1445 405 1519 degenti
449 1466 570 1497 nam
605 1456 658 1497 et
698 1446 964 1498 Fulcrada
1004 1449 1120 1498 Deo
1155 1447 1364 1510 devota,
1412 1459 1464 1500 et
1505 1450 1570 1500 ab
1613 1461 1842 1522 utraque
1883 1464 2037 1523 parte

185 1545 450 1585 venerunt
484 1534 570 1585 die
607 1535 766 1605 jovis,
814 1535 956 1586 foras
1000 1535 1159 1587 Albia
1195 1536 1428 1599 civitate,
1477 1538 1532 1588 in
1577 1538 1806 1590 ecclesia
1852 1541 2038 1592 Sancti

185 1622 465 1684 Affricani,
503 1623 558 1673 in
593 1623 753 1674 mallo
780 1624 1021 1694 publico,
1054 1624 1107 1675 in
1141 1626 1451 1696 praesentia
1483 1627 1804 1698 Reymundo
1841 1629 2035 1680 comite

186 1722 238 1762 et
279 1711 463 1762 civiles
500 1712 712 1782 judices
756 1713 849 1783 qui
890 1712 1093 1763 ibidem
1135 1713 1378 1775 aderant,
1427 1735 1658 1785 quorum
1691 1717 1911 1767 nomina
1943 1718 2035 1788 qui

186 1800 374 1850 subtus
417 1800 784 1862 firmaverunt,
829 1801 884 1851 in
917 1821 1103 1852 eorum
1143 1803 1469 1873 praesentia.
1501 1802 1584 1854 Ab
1619 1814 1847 1875 utraque
1882 1816 2034 1876 parte

184 1888 325 1938 inter
352 1908 407 1939 se
436 1889 814 1940 contentiones
841 1890 1116 1941 habebant
1140 1911 1239 1961 pro
1277 1890 1777 1954 Rodunda-Vabro,
1810 1893 2029 1954 mansis,

182 1976 362 2037 terris,
422 1977 593 2027 vineis
651 1997 770 2028 cum
828 1977 1073 2028 ecclesiis
1132 1999 1267 2049 quae
1317 1979 1520 2030 ibidem
1570 1991 1696 2031 sunt
1744 1980 2028 2043 fundatae,

183 2064 450 2135 quidquid
482 2065 549 2116 ad
573 2065 745 2136 ipsam
773 2077 979 2117 curtem
1012 2067 1254 2137 aspicere
1282 2067 1603 2129 dinoscitur,
1644 2068 1709 2119 de
1744 2080 2032 2139 quantum-

183 2172 412 2223 cumque
445 2153 727 2206 Vudaldo‘⁴
756 2165 808 2205 ct
834 2175 999 2205 uxore
1038 2175 1128 2205 sua
1169 2155 1586 2228 Ingelbergane,
1629 2157 1722 2227 qui
1760 2157 2032 2228 quondam

183 2239 419 2302 suerunt,
453 2241 634 2293 debita
668 2242 768 2293 suit
794 2243 1087 2313 possessio.
1127 2243 1357 2294 Dicebat
1395 2244 1651 2316 Segarius
1679 2255 1731 2295 et
1758 2245 2030 2296 Hictarius

182 2348 305 2379 nam
340 2339 391 2380 et
426 2329 784 2402 Ingilbaldus,
825 2331 971 2402 quod
1005 2331 1237 2402 scriptos
1273 2331 1574 2404 conligatos
1611 2352 1773 2403 super
1807 2333 2030 2385 Fulcra-

183 2416 320 2467 dane
362 2419 478 2468 Deo
514 2418 704 2470 devota
747 2429 799 2470 ct
841 2439 1002 2490 super
1041 2417 1432 2471 Rarissimab...
1466 2421 1736 2472 abbatissa
1773 2422 2025 2492 scriptos,

176 2504 432 2573 judicios,
479 2507 699 2558 notitias
741 2517 792 2558 et
830 2506 1085 2578 jectivas³
1117 2508 1415 2578 perhennis
1448 2509 1787 2579 temporibus
1831 2510 2029 2561 confir-

181 2603 347 2644 matas
394 2594 679 2657 haberent,
729 2616 828 2666 pro
872 2616 1002 2666 quas
1045 2596 1300 2646 volebant
1344 2596 1491 2667 ipsos
1538 2596 1741 2658 alodes,
1788 2618 2022 2659 mansos,

177 2690 349 2732 terras
382 2682 464 2732 vel
490 2683 672 2734 vineas
711 2683 924 2755 legibus
960 2684 1267 2755 adquirere.
1306 2686 1448 2734 Dum
1476 2705 1567 2735 eos
1594 2685 1941 2736 intendentes
1975 2697 2027 2736 et

180 2768 319 2819 inter
375 2790 430 2820 se
493 2770 843 2833 altercantes,
911 2772 1170 2844 guirpivit
1234 2772 1675 2842 supranominata
1732 2773 2026 2824 Karissima

181 2876 330 2907 suam
381 2858 473 2928 qui
523 2858 738 2910 dicebat
787 2866 868 2910 etc
914 2860 1231 2910 monacham
1281 2859 1600 2910 Fulcradam
1648 2859 1910 2922 nomine3,
1973 2872 2025 2912 et

239 3051 281 3105 a)
319 3051 413 3092 Lis.
443 3051 643 3093 Vualdo.
685 3077 737 3084 -
780 3052 825 3109 b)
863 3053 957 3095 Lis.
997 3053 1132 3112 prol).
1171 3054 1317 3096 sancti
1366 3054 1604 3096 Saturnini
1648 3057 1938 3098 monasterii.
1966 3083 2023 3089 —-

177 3117 214 3170 c)
241 3116 335 3157 Lis.
379 3118 451 3158 ad.

236 3206 276 3244 1.
311 3203 479 3247 Bodez.

239 3272 278 3310 2.
317 3271 503 3312 Notices
537 3270 590 3313 de
618 3270 1048 3330 deguerpz'ssemeut.

237 3337 277 3377 3.
317 3339 369 3378 K.
401 3336 563 3379 u’e'tccit
588 3337 825 3380 iuteo-essee
863 3354 924 3380 (ιιι
956 3342 1117 3397 proces
1150 3356 1234 3399 que
1269 3355 1412 3400 parce
1446 3355 1530 3399 que
1556 3343 1625 3399 F„
1667 3356 1812 3384 nonne
1856 3342 1910 3384 de
1935 3357 2016 3385 son

179 3400 371 3458 abbaye,
404 3401 472 3444 lui
497 3403 621 3445 avait
645 3403 751 3445 ce'de'
775 3420 845 3446 ses
872 3404 1020 3447 (lt-oz'ts
1044 3421 1134 3464 par
1161 3406 1411 3464 donali0n7·
1438 3423 1509 3449 ces
1536 3406 1739 3450 derniers
1766 3409 1890 3450 e'tant
1909 3423 2018 3451 con«-
