2259 3692
1013 182 1271 233 „34—

219 304 528 357 tiannorum
598 307 872 357 extranius
935 319 988 358 et
1049 329 1434 362 excommunus
1506 324 1763 383 appareat
1826 325 1879 365 et
1943 334 2063 366 cum

218 394 432 444 Dathan
458 405 510 445 et
542 394 749 445 Abiron
783 395 837 445 in
864 386 1195 465 profundum
1222 398 1422 449 inferni
1448 399 1800 473 dimergatur,
1831 413 1884 453 et
1917 403 2064 473 quod

216 481 352 550 petit
397 502 505 532 non
538 481 794 544 vindecit,
835 483 930 533 sed
963 483 1187 555 insuper
1228 486 1424 537 inserat
1465 488 1606 558 parti
1648 489 1733 539 cui
1766 490 2064 561 adtemptat

216 588 320 619 una
348 589 467 620 cum
496 569 626 620 fisco
661 570 775 621 auri
804 570 1018 622 soledos
1050 583 1230 624 tantos
1259 586 1550 645 conponat,
1576 587 1628 627 et
1654 597 1880 647 presens
1916 578 2063 650 inge-

217 657 394 708 nuitas
429 658 575 708 omni
606 669 852 729 tempore
896 659 1046 711 firma
1080 674 1394 731 permaneat
1433 684 1553 715 cum
1589 665 1938 735 stipulatione
1971 666 2063 716 fir-

217 745 416 796 mitatis
451 766 710 797 connexa.

219 1009 286 1057 Νο
326 1013 421 1060 28.
478 1009 733 1076 Eoeemple
781 1010 1194 1079 cl'enqaqement.
1256 1014 1494 1064 Services
1558 1015 1986 1066 hehclomadaires
2034 1021 2063 1067 ἐι

286 1095 448 1155 temps
490 1092 848 1156 repr-&sentam
893 1092 962 1141 les
1006 1094 1212 1143 inferet-5
1252 1095 1318 1143 clu
1363 1096 1556 1162 capital
1585 1100 1751 1162 prete.
1798 1099 1957 1147 Peine
1996 1099 2063 1147 clu

283 1169 470 1219 double
495 1170 556 1219 cle
583 1189 637 1219 ce
671 1172 864 1237 capital
886 1176 1114 1237 assure'e,
1143 1175 1204 1223 cle
1221 1175 1369 1241 plein
1401 1177 1553 1240 droit,
1581 1196 1646 1226 au
1683 1179 1945 1228 cre'ancier
1960 1198 2067 1246 par

286 1250 332 1299 la
360 1251 650 1300 main-mise
675 1269 768 1300 sur
806 1271 900 1301 son
925 1253 1162 1303 cle'hiteur
1188 1263 1236 1304 et
1261 1274 1352 1304 Son
1392 1258 1640 1306 maintien
1679 1277 1744 1307 au
1771 1261 1965 1308 service
1997 1260 2064 1309 du

281 1331 562 1380 creancier.

665 1502 736 1567 (Z.
767 1503 813 1568 3)
844 1504 1027 1553 Cartae
1055 1506 1243 1554 Senon.
1278 1506 1359 1571 (R.
1395 1506 1455 1555 G.
1484 1508 1618 1573 372).

997 1677 1289 1729 Caucione.

290 1805 504 1856 Domno
538 1804 692 1856 fratri
719 1806 812 1857 illo
847 1807 957 1858 ille.
997 1808 1080 1858 Ad
1113 1810 1377 1879 petitione
1411 1831 1527 1861 mea
1575 1811 1707 1861 mihi
1752 1832 1862 1863 non
1903 1812 2063 1864 dene-

215 1893 374 1964 gasti,
405 1893 510 1943 nisi
542 1905 601 1944 ut
633 1894 684 1945 in
715 1915 918 1946 summa
946 1897 1269 1949 necessitate
1304 1919 1420 1950 mea
1452 1910 1678 1971 argento
1712 1900 1795 1951 vel
1829 1899 2063 1952 amacto¹

214 1991 308 2031 tuo
340 1981 552 2032 valente
587 1983 789 2034 solidos
822 1994 1004 2035 tantus
1040 1985 1093 2035 in
1132 2006 1292 2037 manu
1326 2007 1442 2038 mea
1486 1987 1553 2038 ad
1593 1988 1869 2058 pristitum
1902 1990 2061 2040 bene-

215 2068 396 2120 ficium
430 2070 563 2120 mihi
601 2059 908 2141 prestitisti.
951 2074 1016 2123 Et
1050 2093 1150 2145 ego
1183 2094 1282 2145 pro
1324 2075 1427 2126 hoe
1467 2076 1573 2126 tale
1616 2077 1873 2127 caucione
1920 2077 1975 2127 in
2008 2088 2062 2128 te

216 2156 345 2208 fiere
380 2168 432 2208 et
466 2158 752 2210 adfirmare
786 2161 989 2232 rogavi,
1029 2172 1087 2212 ut
1120 2182 1293 2233 usque
1328 2163 1394 2213 ad
1420 2184 1589 2214 annos
1622 2175 1802 2215 tantos
1829 2165 1884 2215 in
1919 2165 2060 2236 quis-

216 2265 321 2315 que
358 2245 725 2311 [heb]domata
764 2247 879 2298 dies
905 2259 1084 2299 tantos
1112 2270 1274 2320 opera
1301 2262 1411 2312 tua,
1445 2252 1602 2322 quale
1628 2253 1760 2302 mihi
1785 2253 2059 2304 iniuncxe-

215 2333 289 2384 ris
324 2344 376 2384 et
409 2334 546 2384 ratio
571 2346 829 2405 praestat,
861 2335 1037 2387 facere
1072 2337 1316 2389 debeam.
1345 2340 1504 2404 Quod
1530 2340 1574 2390 si
1606 2340 1828 2391 minimo
1856 2340 2055 2403 fecero,

217 2431 307 2472 aut
348 2421 647 2494 neglegens
682 2434 771 2474 aut
818 2424 1005 2475 tardus
1057 2426 1250 2476 exinde
1285 2447 1607 2497 apparuero,
1647 2439 1737 2479 aut
1785 2440 1908 2480 ante
1941 2429 2060 2500 ipso

216 2509 416 2579 placito
467 2530 549 2560 me
599 2511 866 2563 inmutare
916 2534 1320 2584 presumpsero,
1359 2526 1489 2566 tune
1540 2516 1802 2587 spondeo,
1841 2537 1924 2568 me
1963 2538 2060 2588 per

215 2597 375 2648 huius
408 2598 683 2650 vinculum
719 2601 1042 2662 cautionem,
1081 2602 1174 2652 ubi
1202 2613 1253 2653 et
1286 2603 1381 2654 ubi
1406 2624 1489 2654 me
1516 2604 1758 2655 invenire
1792 2606 2055 2675 potueris,

216 2685 333 2735 sine
366 2685 477 2736 ullo
511 2686 689 2738 iudice
716 2688 1172 2759 interpellationis
1205 2711 1304 2760 pro
1332 2691 1556 2761 duplum
1584 2691 1948 2743 satisfactione
1975 2713 2059 2743 me

215 2780 502 2823 1·61;611901’“
538 2774 803 2827 debitore.
847 2778 911 2827 Et
939 2778 1210 2847 quomodo
1238 2778 1354 2848 ipse
1389 2779 1516 2829 anni
1547 2780 1807 2830 transacti
1833 2779 2054 2842 suerint,

216 2860 400 2910 debito
445 2872 538 2912 tuo
571 2863 672 2912 tibi
713 2864 935 2925 reddeo,
968 2865 1272 2915 cautionem
1308 2886 1478 2917 meam
1512 2887 1608 2937 per
1643 2868 1891 2918 manibus
1927 2868 2058 2919 reci-

213 2947 375 3018 piam.
410 2949 791 3019 Stipulatione.

273 3118 312 3171 a)
348 3117 453 3159 Var.
482 3125 716 3160 reteneas.

275 3200 316 3239 1.
353 3198 545 3240 Salvam
571 3199 765 3256 Bc'gnou,
796 3200 1089 3258 Lc'ndenhrog
1114 3209 1289 3244 amacto
1314 3217 1435 3261 pom·
1472 3204 1702 3253 amictum,
1733 3205 1899 3246 amicto
1929 3206 2058 3261 (vate-

215 3267 365 3317 menl),
398 3279 442 3305 ce
479 3265 561 3322 qui
585 3272 651 3306 est
677 3270 765 3308 tres
792 3266 1011 3309 doutezcx.
1042 3268 1236 3310 Suivaut
1277 3272 1465 3310 Zezcmet·
1507 3271 1578 3324 (N.
1606 3271 1745 3312 Arch.
1784 3273 1854 3327 VJ,
1894 3286 1941 3329 Ι).
1984 3273 2053 3320 72,

215 3345 261 3371 ιι.
290 3331 330 3385 1)
362 3345 377 3368 α
410 3338 574 3386 argent
600 3332 777 3388 frappe,
808 3335 1037 3390 monnaye
1062 3352 1097 3375 ».
1126 3337 1217 3375 Sur
1239 3333 1536 3392 l’c'tymologie
1559 3337 1778 3379 μού-Βία
1812 3339 1913 3378 WB.
1938 3339 1974 3385 I,
1995 3351 2057 3378 (ιιι

214 3402 347 3437 mot«
379 3411 533 3438 macco
566 3414 602 3437 ».
