2259 3692
980 122 1241 172 ..ssss-

189 249 515 321 gregacione
557 257 752 308 vestra,
785 266 944 318 quam
986 246 1051 297 de
1094 246 1320 297 diversis
1355 244 1649 317 provinciis
1684 245 1752 296 ad
1783 244 2030 317 peregri-

186 337 424 388 nandum
451 346 676 407 propter
702 355 899 386 nomen
924 355 1078 385 suum
1098 335 1378 386 vobiscum
1397 334 1662 385 Dominus
1687 332 2025 385 coadunavit.

186 427 300 497 Ego
344 423 637 475 Hildradus
680 443 846 494 preco
888 433 941 473 et
986 422 1196 493 suplico
1231 423 1413 495 gracie
1445 433 1642 483 vestre,
1680 432 1738 473 ut
1778 420 1942 472 michi
1975 419 2030 470 in

183 533 339 564 usum
363 511 616 563 beneficii
643 531 755 562 rem
783 510 1012 561 ecclesie
1038 522 1215 562 vestre
1242 511 1296 561 111
1323 530 1463 583 pago
1491 509 1790 571 Alsaccnsi,
1816 509 1870 559 in
1897 508 2030 558 locis

184 600 510 670 nuncupatis
538 600 592 649 in
621 599 980 650 Mathinhaim
1024 610 1076 650 et
1110 599 1353 671 Anncgis
1388 599 1531 659 villa,
1572 618 1732 669 quam
1765 597 1844 648 vir
1879 597 2031 647 illus-

183 689 281 739 tris
313 687 662 738 Eberhardus
686 708 786 758 pro
813 687 989 738 anime
1018 708 1110 738 5110
1143 687 1384 738 remedio
1411 687 1563 738 vobis
1592 707 1685 737 scu
1720 685 1786 737 ad
1818 704 2032 735 monas-

184 777 382 828 terium
415 786 654 827 vestrum
696 796 793 847 per
840 796 994 827 suum
1041 776 1462 827 instrumentum
1504 775 1791 848 delegavit,
1839 790 2034 824 conce-

189 865 316 916 dere
361 864 654 925 deberetis,
695 864 841 935 quod
881 865 953 916 ita
988 876 1040 915 ct
1084 885 1184 936 pro
1232 864 1482 916 mercede
1509 875 1686 915 vestra
1721 861 1924 913 fecistis
1950 860 2034 911 :in

188 974 248 1004 ea
282 953 491 1004 ratione
531 964 608 1013 ut,
640 953 765 1004 dum
809 953 1015 1014 advivo,
1054 974 1161 1004 una
1202 974 1322 1004 cum
1363 953 1535 1025 gratia
1567 963 1745 1003 vestra
1780 950 1846 1002 ad
1879 969 2035 1001 usum

188 1041 543 1109 fructuarium
578 1041 769 1092 ordine
818 1052 1006 1092 tenere
1051 1041 1297 1103 debeam,
1337 1053 1389 1092 et.
1430 1041 1638 1092 nullum
1672 1039 2034 1112 preiudicium

187 1130 269 1180 vel
306 1129 730 1180 diminucionem
768 1140 952 1180 nostra
986 1130 1260 1200 possessio
1297 1130 1362 1180 de
1403 1130 1536 1200 ipsis
1571 1130 1735 1180 rebus
1767 1128 1919 1179 vobis
1951 1126 2034 1177 vel

187 1218 432 1288 partibus
459 1217 629 1288 ipsius
665 1217 978 1268 monasterii
1005 1218 1356 1288 nullumquea
1387 1228 1633 1288 tempore
1661 1217 1841 1288 aliquo
1875 1236 2035 1288 gene-

187 1326 306 1356 rare
347 1305 539 1376 possit,
579 1305 674 1356 sed
706 1316 830 1375 post
871 1316 1117 1356 nostrum
1147 1326 1364 1376 quoque
1400 1305 1699 1356 discessum
1735 1325 1854 1356 cum
1890 1304 2037 1355 omni

186 1414 243 1444 re
268 1393 579 1444 emeliorata
607 1393 673 1444 ad
698 1405 929 1444 vestram
951 1414 1045 1444 vos
1070 1394 1153 1445 vel
1178 1414 1521 1445 successores
1550 1405 1759 1445 vestros
1782 1412 2036 1444 revocare

187 1481 394 1533 faciatis
430 1482 882 1533 dominacionem.
925 1484 991 1533 Et
1019 1483 1328 1534 censuimus
1362 1503 1460 1534 nos
1495 1483 1562 1534 ad
1594 1503 1687 1533 vos
1720 1502 1819 1554 pro
1845 1483 1946 1532 hac
1979 1500 2037 1531 re

187 1570 241 1620 in
294 1570 652 1621 luminaribus
697 1571 943 1641 partibus
990 1572 1304 1622 monasterii
1357 1571 1523 1622 vestri
1573 1571 1728 1622 annis
1784 1569 2032 1642 singulis,

188 1669 375 1709 octavo
421 1658 507 1709 die
550 1669 673 1709 ante
729 1659 870 1709 diem
923 1659 1156 1710 natalem
1202 1660 1442 1721 Domini,
1482 1680 1604 1711 cera
1661 1659 1827 1710 libras
1878 1657 2037 1729 quin-

190 1767 293 1817 que
338 1746 571 1797 reddere
626 1747 870 1798 debeam.
927 1749 993 1798 Et
1039 1748 1083 1797 si
1131 1747 1195 1798 de
1242 1748 1360 1818 ipso
1407 1768 1572 1798 censu
1614 1747 1900 1819 negligens
1943 1766 2037 1816 ap-

188 1855 421 1905 paruero
455 1835 538 1885 vel
567 1846 712 1885 certe
748 1846 937 1906 postea
976 1835 1115 1886 infra
1155 1836 1516 1908 quadraginta
1551 1836 1666 1886 dies
1709 1835 1886 1906 ipsum
1928 1854 2037 1885 non

188 1922 501 1984 reddidero,
539 1944 632 1973 vos
667 1923 750 1974 vel
787 1944 1130 1974 successores
1165 1924 1331 1974 vestri
1365 1925 1509 1995 ipsas
1543 1945 1630 1975 res
1672 1923 2032 1983 emelioratas,

190 2012 394 2082 absque
444 2011 607 2062 ullius
653 2011 1084 2063 contradictione
1128 2012 1212 2063 vel
1267 2012 1549 2063 iudiciaria
1592 2012 2033 2084 consignacione,

189 2100 437 2170 partibus
481 2100 710 2150 ecclesie
753 2101 1069 2151 monasterii
1109 2101 1275 2151 vestri
1317 2121 1571 2151 revocare
1614 2100 1840 2151 faciatis,
1880 2099 2037 2152 Unde

189 2188 392 2258 placuit
423 2188 576 2238 vobis
610 2199 668 2238 ut
710 2188 841 2239 duas
884 2189 1156 2259 precarias
1200 2190 1404 2260 absque
1447 2189 1768 2260 quinquenii
1811 2207 2038 2239 renova-

190 2275 344 2326 cione
388 2275 525 2326 facte
568 2276 816 2337 fuissent,
849 2288 901 2327 et
935 2297 1033 2327 nos
1066 2297 1227 2327 unam
1263 2277 1328 2328 de
1364 2297 1524 2328 manu
1565 2288 1742 2327 vestra
1776 2276 2038 2327 firmatam

189 2364 556 2434 reciperemus
586 2375 638 2415 et
671 2384 764 2415 vos
801 2365 1048 2415 similiter
1077 2365 1142 2415 de
1176 2376 1382 2426 nostra,
1416 2365 1562 2436 quod
1595 2365 1667 2416 ita
1701 2364 1899 2416 factum
1935 2374 2034 2424 est,

191 2450 436 2502 coactus⁶
479 2453 753 2523 precarias
809 2473 917 2503 uno
978 2464 1169 2504 tenore
1234 2454 1589 2524 conscriptas,
1648 2473 1789 2504 anno
1848 2453 2038 2524 quinto

191 2539 400 2590 decimo
458 2552 721 2613 regnante
774 2541 1115 2592 Theuderico
1171 2562 1319 2614 rege,
1382 2543 1480 2592 sub
1546 2542 1631 2592 die
1669 2543 1717 2592 9.
1766 2541 2036 2592 Kalendas

189 2627 439 2700 Augusti,
471 2629 694 2679 Avendo
722 2640 898 2680 castro
934 2630 1042 2680 sive
1076 2630 1364 2681 Romarico
1407 2640 1773 2680 commorante
1821 2649 2036 2680 monas-

189 2716 347 2776 terio,
387 2717 624 2786 publice.
693 2720 730 2785 ’ζ-
776 2720 1069 2778 Romanus,
1116 2728 1388 2788 spectator
1436 2728 1675 2778 vocatus,
1730 2718 1895 2768 abbas
1937 2717 2037 2768 hac

190 2804 434 2874 precaria
487 2825 512 2855 a
560 2825 642 2855 me
691 2805 846 2856 sacta.
887 2808 924 2874 ἦ
957 2806 1185 2877 Signum
1240 2805 1476 2855 Lintoni.
1534 2808 1572 2874 ἦ*
1605 2808 1659 2856 S.
1721 2804 2031 2858 Guntfredi.

191 2894 228 2959 ἢ*
252 2893 307 2943 S.
330 2893 642 2943 Marchrati.
675 2896 711 2961 ζ-
737 2894 791 2944 S.
814 2893 1157 2948 XVolsramni.
1190 2896 1227 2961 ζ*
1252 2895 1307 2944 S.
1335 2893 1623 2945 Gerhardi.
1649 2896 1686 2962 2-
1712 2895 1766 2945 S.
1789 2893 2035 2944 Theudo-

190 2978 334 3029 sridi.
375 2982 413 3048 ἦ
443 2982 498 3032 S.
544 2981 888 3032 Cachihardi.
924 2983 1037 3053 Ego
1081 2983 1310 3032 Ioannes
1354 2981 1524 3032 lector
1562 2983 1703 3032 hanc
1736 2981 2037 3052 precariam

189 3077 411 3139 rogatus
447 3068 658 3138 scripsi.
1649 3070 1653 3073 „

251 3328 290 3380 a)
317 3326 354 3365 Α
382 3325 597 3384 supple'er
620 3329 846 3384 peut-&re
874 3329 1217 3370 detrimentum.
1248 3354 1302 3359 ——
1331 3329 1379 3384 b)
1405 3329 1496 3371 Lis.
1529 3329 1711 3372 duabus
1731 3332 1867 3388 (pour
1885 3331 2034 3384 duas).
