2259 3692
925 63 1184 110 ,47-

133 201 256 262 post
289 210 344 242 se
371 188 662 260 numquam
688 187 988 239 retenuerit
1020 185 1226 236 iniusti.
1268 184 1378 236 Sed
1409 185 1590 236 taliter
1617 186 1666 237 ei
1695 186 1795 238 fuit
1828 188 1970 239 iudi-

135 289 310 328 catum
360 278 415 327 in
471 277 588 347 ipso
646 276 846 348 placito
904 284 1026 325 ante
1081 273 1201 343 ipso
1255 273 1461 344 vigario
1517 273 1599 323 vel
1649 285 1771 324 ante
1826 275 1971 345 ipsos

133 365 405 437 pagensis,
443 374 500 414 ut
535 364 600 414 ad
645 383 859 414 crucem
901 361 967 412 ad
1008 360 1266 411 iudicium
1308 360 1410 410 Dei
1443 380 1542 430 pro
1585 361 1699 431 ipsa
1739 372 1884 413 terra
1917 363 1971 413 in

134 452 311 503 noctis
346 453 412 502 4⁶2
449 452 503 502 in
541 452 656 522 ipsa
681 450 879 521 placita
903 469 1003 520 pro
1029 449 1132 498 hoc
1160 447 1424 498 deberent
1451 447 1662 498 adstare
1687 470 1697 511 3
1729 449 1874 519 quod
1901 449 1972 500 ita

134 551 187 591 et
236 540 499 591 fecerunt.
542 539 652 591 Sed
698 539 977 589 venientes
1013 536 1079 587 ad
1127 536 1245 606 ipso
1294 535 1513 605 placitO,
1568 536 1707 586 sicut
1755 537 1831 586 eis
1874 536 1973 587 suit

133 628 448 688 iudicatum,
487 638 609 679 ante
643 627 764 697 ipso
796 625 1003 697 vigario
1028 624 1111 675 vel
1146 634 1267 674 ante
1294 624 1441 694 ipsos
1475 623 1729 695 pagensis
1764 623 1973 694 adipso

135 716 335 767 iudicio
361 715 444 766 vel
478 714 545 766 ad
580 714 697 784 ipsa
731 732 889 764 cruce
925 713 1070 763 visus
1103 711 1204 762 fuit
1245 711 1478 762 cadisset
1497 716 1535 761 a.
1578 710 1687 762 Sed
1722 710 1847 761 dum
1874 712 1974 762 hac

136 823 295 854 causa
321 803 397 853 sic
430 801 531 852 fuit
563 802 799 862 inventa,
840 799 986 871 quod
1012 800 1116 870 ipsi
1150 799 1249 860 illi,
1283 799 1376 869 qui
1411 798 1477 849 ad
1510 798 1628 868 ipso
1663 797 1865 849 iudicio
1890 798 1974 849 vel

136 891 201 941 ad
226 891 343 961 ipsa
363 909 521 940 cruce
549 888 801 949 eadisset,
828 887 1030 938 solidos
1050 897 1229 938 tantos
1257 887 1305 937 ei
1331 885 1696 937 transsolvere
1726 885 1970 946 deberet,

136 977 281 1048 quod
314 977 387 1028 ita
421 987 473 1027 et
506 976 651 1037 fecit,
691 987 743 1026 et
777 975 842 1026 de
875 976 991 1046 ipsa
1024 986 1169 1025 terra
1203 975 1321 1045 ipso
1349 974 1442 1024 illo
1470 973 1681 1045 legibus
1716 974 1975 1024 revestire

136 1065 378 1125 deberet,
425 1064 571 1135 quod
613 1064 685 1115 ita
726 1075 778 1114 et
820 1063 964 1114 fecit.
1004 1065 1139 1115 Tum
1170 1062 1351 1113 taliter
1399 1062 1447 1112 ei
1480 1061 1872 1122 iudicaverunt,
1918 1071 1977 1112 ut

135 1153 240 1224 ipsi
287 1153 366 1203 illi
417 1152 481 1203 de
528 1162 815 1223 praesente
863 1151 950 1202 die
999 1151 1115 1221 ipsa
1161 1161 1306 1201 terra
1355 1160 1543 1200 contra
1591 1149 1710 1220 ipso
1758 1149 1852 1200 illo
1893 1148 1976 1199 vel

136 1240 353 1291 heredis
402 1240 511 1290 suis
572 1259 730 1310 quam
788 1249 976 1289 contra
1022 1238 1319 1309 quemlibet
1377 1237 1651 1288 hominem
1709 1256 1977 1307 omneque

135 1339 379 1399 tempore
413 1328 609 1378 habeat
635 1327 934 1378 evindicata
971 1325 1145 1396 adque
1172 1325 1408 1386 elidiata,
1439 1336 1546 1376 tam
1581 1325 1685 1395 ipsi
1712 1325 1791 1375 illi
1817 1344 1977 1395 quam

137 1426 189 1466 et
220 1415 510 1485 posteritas
551 1435 644 1466 sua
694 1415 760 1465 de
808 1424 932 1485 post
978 1414 1123 1464 hunc
1159 1413 1245 1463 die
1287 1413 1564 1483 praedicta
1604 1423 1750 1463 terra
1792 1412 1977 1483 quieto

137 1502 328 1553 ordine
367 1502 554 1553 valead
601 1502 884 1572 possidere
930 1501 1014 1551 vel
1064 1501 1362 1561 dominare,
1409 1511 1462 1551 et
1511 1500 1659 1551 ducti
1699 1511 1752 1551 et
1801 1498 1978 1551 securi

137 1589 330 1640 exinde
362 1589 575 1641 valeant
606 1589 878 1640 resedere.

209 1680 373 1729 Facto
400 1677 603 1728 iudicio
637 1677 692 1728 in
720 1677 813 1728 illo
840 1676 960 1728 loco
985 1676 1297 1747 publiciter.

139 1882 205 1929 Νο
228 1886 324 1932 40.
365 1881 622 1930 Donation
647 1887 790 1931 entre
815 1882 981 1947 e'pouoe
1005 1880 1134 1929 (lans
1162 1880 1208 1930 Ia
1233 1881 1401 1947 forme
1427 1880 1757 1929 coutumiere.
1792 1880 1980 1931 Clause

825 1962 1031 2028 pe'nale.
1067 1960 1275 2011 Charte.

448 2117 520 2181 (Z.
554 2118 629 2183 16)
658 2118 832 2166 Form.
862 2116 1054 2165 Salicae
1082 2116 1297 2164 Merkel.
1331 2116 1410 2181 (R.
1449 2116 1508 2165 G.
1539 2117 1674 2182 252).

526 2273 661 2322 Item
694 2272 913 2323 donatio
940 2272 1082 2323 inter
1114 2272 1287 2322 virum
1322 2282 1374 2322 et
1398 2272 1584 2323 viram.

213 2383 354 2432 Dum
387 2381 561 2431 omnis
594 2382 754 2432 homo
781 2382 836 2432 in
862 2382 1007 2432 hunc
1034 2381 1292 2432 mundum
1319 2381 1497 2432 vivere
1522 2382 1784 2444 noscitur,
1810 2403 1981 2454 quan-

142 2468 434 2539 doquidem
469 2469 750 2520 mandatus
786 2489 810 2520 a
845 2470 1079 2520 Domino
1113 2469 1372 2530 evenerit,
1404 2469 1583 2520 nullus
1619 2490 1674 2521 se
1708 2470 1773 2521 de
1808 2481 1980 2522 morte

141 2557 455 2607 abstrahere
488 2567 686 2627 potest.
734 2557 905 2629 Igitur
939 2578 1040 2629 ego
1074 2558 1129 2608 in
1167 2557 1269 2608 Dei
1297 2557 1514 2608 nomine
1549 2568 1601 2608 et
1636 2558 1832 2609 coniux
1864 2579 1981 2610 mea

140 2644 249 2695 illa.
288 2645 445 2695 Adsit
478 2645 636 2695 nobis
680 2645 922 2696 animus!
974 2647 1113 2696 Dum
1155 2645 1377 2716 pariter,
1426 2655 1600 2696 stante
1643 2646 1976 2719 coniugium,

141 2732 443 2783 amabiliter
470 2733 713 2794 vivimus,
744 2733 1193 2804 pertractavimus
1229 2733 1535 2795 consilium,
1574 2744 1632 2784 ut
1666 2734 1871 2805 aliquid
1914 2734 1980 2785 de

141 2821 304 2871 rebus
339 2831 391 2871 ct
424 2820 489 2871 de
525 2820 870 2872 facultatibus
898 2821 1098 2872 nostris
1133 2821 1274 2872 inter
1302 2841 1399 2871 nos
1434 2821 1784 2873 interdonare
1813 2822 1979 2873 debe-

142 2908 343 2971 rimus;
404 2908 550 2979 quod
600 2909 671 2959 ita
719 2919 771 2959 et
830 2908 1072 2960 fecimus.
1127 2908 1255 2959 Ideo
1303 2909 1582 2960 venientes
1616 2899 1854 2980 pariter¹
1887 2910 1980 2961 illo

144 2994 304 3045 mallo
355 3006 476 3046 ante
526 2995 676 3046 illum
728 2997 979 3047 comitem
1028 2997 1110 3048 vel
1157 2997 1397 3067 reliquos
1447 2998 1823 3070 racineburgis
1879 2999 1981 3049 hoc

202 3164 242 3217 a)
269 3163 366 3206 Lis.
392 3163 591 3205 cadisse.

204 3267 244 3306 1.
282 3253 560 3322 Egalenzent,
593 3265 768 3308 6.-ἁ-ἀ.
793 3265 884 3308 l'un
912 3274 953 3309 ec
980 3267 1159 3310 l’autm.
