2259 3692
1026 192 1319 244 —192—

253 339 361 370 non
398 319 745 370 auctorizavit
780 329 952 371 cartas
986 320 1068 371 vel
1104 320 1425 371 donationes
1462 340 1594 391 quas
1630 321 1756 372 fecit
1797 321 2095 375 VualteriO.

253 409 377 478 Ipso
411 406 741 468 Vualtcrius,
781 418 837 458 ut
887 409 1204 481 recognovit
1252 428 1439 459 eorum
1484 409 1888 471 rectitudinem,
1941 431 2101 463 vuer-

251 495 385 566 pivit
432 506 620 546 contra
667 495 791 546 illos
840 506 1013 548 totum
1049 495 1196 567 quod
1234 496 1300 547 de
1343 497 1460 567 ipsa
1493 497 1703 548 ratione
1735 499 1975 561 tenebat,
2017 500 2102 551 his

253 584 647 654 presentibus:
703 584 932 657 Signum
973 584 1239 638 Vualterii
1292 585 1677 647 vicecomitis,
1733 588 1789 638 S.
1848 588 2096 639 Roberti.

255 674 309 724 S.
352 671 618 724 Teodulfi.
662 674 717 724 S.
749 672 969 745 Aigulfi.
1012 674 1067 725 S.
1101 672 1394 744 Ingelardi.
1437 675 1492 725 S.
1526 675 1790 745 Hugonis.
1836 677 1892 727 S.
1941 676 2100 727 Oide-

252 759 367 811 lini.
416 762 553 812 Data
601 781 699 832 per
741 781 956 813 manum
996 761 1250 823 Berardi,
1297 762 1396 813 sub
1445 761 1531 813 die
1565 763 1732 831 jovis,
1787 765 1886 814 IIII
1931 783 2099 815 nonas

254 848 436 910 madii,
469 869 610 900 anno
637 851 747 900 ΧΙα
780 860 1043 922 regnante
1072 850 1345 901 Ludovico
1372 871 1518 922 rege.

252 1096 318 1143 ΝΟ
359 1101 491 1147 131.
643 1097 878 1145 Femmes
904 1097 1139 1163 aqissant
1165 1115 1223 1146 en
1241 1098 1457 1164 justice.
1492 1098 1610 1162 (An.
1640 1099 1752 1157 950,
1782 1098 1952 1163 avril.)

884 1250 1024 1299 Cart.
1055 1250 1237 1316 Cluny,
1275 1258 1328 1298 n⁰
1355 1251 1467 1299 764.

323 1409 527 1461 Notitia
570 1407 972 1460 reclamationis
1007 1427 1101 1458 seu
1150 1407 1498 1478 vuirpitionis
1537 1407 1681 1478 apud
1713 1407 2094 1469 Matisconum,

250 1498 351 1549 sub
387 1497 473 1548 die
508 1497 787 1558 mercoris,
836 1496 890 1547 in
937 1516 1122 1547 mense
1169 1495 1347 1567 aprili,
1386 1496 1481 1549 XV
1513 1495 1772 1547 kalendas
1814 1495 1996 1568 magii,
2042 1496 2096 1546 in

249 1586 407 1638 mallo
457 1585 698 1657 publico,
752 1585 885 1636 hubi
928 1584 1132 1636 resedit
1182 1584 1413 1635 domnus
1471 1604 1650 1636 comes
1701 1584 1991 1636 Leotaldus
2046 1594 2099 1635 et

249 1675 477 1726 domnus
513 1674 802 1745 episcopus
836 1673 1215 1745 Maymbodus,
1254 1693 1467 1724 necnon
1503 1684 1555 1724 et
1590 1673 1769 1724 abbati
1806 1674 2010 1724 Erveus
2044 1683 2095 1723 et

250 1763 533 1824 Eunu-dus,
564 1762 682 1814 Ado
716 1762 971 1813 videlicet
997 1772 1049 1813 et
1081 1762 1356 1813 Hubertus
1382 1762 1714 1833 prepositus,
1747 1782 1866 1812 cum
1902 1761 2096 1812 ceteris

249 1852 602 1902 nobilissimis
637 1851 1018 1903 resedentibus
1054 1851 1268 1902 clericis
1296 1861 1348 1902 et
1374 1850 1545 1912 laicis,
1579 1849 1902 1923 Elgaudum,
1934 1849 2095 1920 Aqui-

249 1960 395 2001 num,
433 1941 775 2000 l‘zothertum,
818 1940 1154 2001 Ratherium,
1194 1939 1551 2001 Nardoinum⁷
1584 1938 1928 1999 Teodulfum,
1959 1940 2097 1989 Hen-

250 2049 453 2100 rycuni,
491 2028 574 2079 vel
617 2028 734 2079 aliis
779 2028 984 2099 plures,
1026 2048 1256 2099 quorum
1312 2028 1592 2078 nominare
1639 2027 1862 2099 longum
1897 2036 1997 2088 est,
2042 2026 2096 2076 in

249 2137 435 2167 eorum
468 2117 800 2188 presentiam
827 2127 1093 2168 venerunt
1130 2116 1261 2167 duas
1288 2115 1515 2166 feminas
1553 2135 1788 2176 sorores,
1820 2134 1952 2185 quas
1992 2133 2098 2165 una

248 2216 470 2256 vocatur
499 2205 619 2277 Agi‚
654 2205 819 2256 altera
861 2204 1072 2268 Ettela3
1111 2204 1582 2275 proclamaverunt
1618 2223 1673 2254 se
1723 2202 1788 2254 de
1823 2202 2096 2252 dommum

248 2293 578 2344 Aeniardum
628 2294 879 2344 abbatem
927 2293 1009 2343 vel
1048 2293 1324 2344 actoribus
1373 2291 1559 2344 Sancti
1600 2290 1750 2344 Petri
1791 2290 2093 2349 Cluniensi,

250 2382 396 2453 quod
423 2383 587 2433 rebus
614 2382 831 2433 illorum
859 2382 913 2433 in
940 2401 1080 2454 pago
1104 2381 1526 2441 Matisconense,
1550 2380 1605 2430 in
1624 2379 1750 2430 villa
1769 2378 2093 2451 Davagiaco‚

250 2470 395 2541 quod
421 2481 501 2521 est
536 2470 796 2522 medietas
832 2470 897 2521 de
931 2490 1092 2527 unam
1120 2469 1424 2530 ecclesiam,
1463 2478 1516 2520 et
1548 2468 1603 2518 in
1629 2469 1910 2539 Vergeson
1939 2475 2098 2537 atque

249 2559 302 2609 in
330 2558 563 2621 Jalnant‚
595 2559 700 2630 ipsi
721 2569 968 2610 auctores
992 2558 1178 2611 Sancti
1206 2558 1352 2610 Petri
1375 2555 1714 2608 contendunt
1741 2555 1849 2606 illis
1875 2555 2094 2625 injuste.

249 2646 558 2698 Advocatus
590 2648 776 2699 Sancti
797 2647 946 2699 Petri
965 2646 1266 2719 prudenter
1286 2644 1571 2717 respondit
1598 2643 1745 2716 quod
1770 2642 2094 2701 Adalardus‚

252 2734 500 2796 clericus,
540 2734 705 2786 frater
742 2735 959 2786 illorum
997 2734 1281 2786 incartavit
1318 2734 1462 2804 ipsas
1496 2753 1582 2784 res
1619 2731 1806 2784 Sancti
1839 2729 2007 2790 Petri,
2047 2739 2099 2780 et

252 2823 372 2893 plus
414 2823 627 2895 legibus
665 2823 867 2875 debent
901 2843 1019 2875 esse
1061 2823 1205 2893 ipsas
1256 2842 1342 2872 res
1379 2821 1566 2873 Sancti
1602 2819 1751 2871 Petri
1794 2837 1953 2889 quam
1990 2816 2098 2868 illis

250 2910 517 2975 reddere;
564 2922 615 2962 et
650 2911 1008 2962 ostenderunt
1041 2911 1117 2961 ibi
1163 2919 1335 2961 cartas
1377 2908 1599 2981 legales,
1646 2906 1711 2957 de
1757 2925 1917 2957 manu
1959 2906 2092 2976 ejus.

254 3000 402 3069 Ipsas
428 3019 555 3050 vero
585 2999 830 3060 feminas,
862 3009 920 3050 ut
946 2998 1233 3049 audierunt
1259 3008 1311 3048 et
1336 2996 1589 3048 viderunt
1617 2995 1883 3046 directum
1913 2992 2096 3046 Sancti

254 3087 402 3138 Petri
453 3097 505 3137 ct
547 3088 823 3138 actoribus
857 3089 992 3157 ejus,
1031 3086 1406 3157 vuirpiverunt
1441 3085 1585 3155 ipsas
1619 3103 1705 3134 res
1747 3092 1933 3133 contra
1981 3100 2070 3132 eos

252 3175 336 3224 his
381 3176 769 3246 presentibus:
818 3177 873 3227 S.
922 3174 1107 3225 domni
1142 3173 1386 3225 Leotaldi
1429 3172 1660 3224 comitis.
1711 3173 1767 3223 S.
1823 3168 2092 3222 Rotberti.

256 3266 312 3314 S.
353 3264 658 3314 Ilumberti.
699 3265 755 3315 S.
798 3263 1060 3314 Rathcrii.
1106 3263 1162 3314 S.
1212 3261 1494 3313 Gontioni.
1544 3261 1600 3312 S.
1650 3257 1915 3312 Vualterii
1954 3257 2098 3307 vicc-

314 3430 350 3477 ιι)
384 3428 470 3469 Lis.
502 3427 587 3469 XII
614 3427 802 3479 (Bruel).
