2259 3692
1052 164 1280 208 ..4—

239 282 573 354 ullumquam
605 294 870 355 tempore,
924 285 1017 356 qui
1055 295 1243 336 contra
1282 286 1422 336 hanc
1467 285 1712 336 cessione
1756 285 1876 347 ista,
1927 305 2087 357 quem

240 390 341 442 ego
375 371 430 421 in
462 381 515 422 te
558 371 700 423 bona
739 372 1032 423 volumtate
1067 373 1417 424 conscribere
1451 373 1655 445 rogavi,
1686 383 1776 424 aut
1818 393 1919 445 ego
1958 373 2082 444 ipsi,

239 468 329 510 aut
354 458 495 509 ullus
524 458 589 510 (10
615 460 912 511 heredibus
933 461 1066 511 mcis
1092 460 1174 511 vel
1202 461 1527 532 propinquis
1555 461 1708 522 meis,
1730 471 1819 512 aut
1847 461 2088 532 qualibet

239 547 402 597 homo
433 546 516 598 vcl
566 558 821 599 extranea
862 559 951 599 aut
986 549 1181 600 emissa
1214 568 1467 619 persona,
1504 548 1690 600 venire
1715 549 1967 610 voluerit,
1999 559 2088 600 aut

238 654 398 707 agere
439 635 522 686 vel
564 636 801 706 repetire
834 637 1251 708 presumpserit,
1291 647 1414 688 ante
1448 637 1541 688 lite
1584 637 1865 709 ingressus
1900 637 2088 708 duplet

237 724 338 774 tibi
371 733 580 774 tantum
608 734 660 774 ct
686 724 790 775 alio
821 735 1050 787 tantum,
1086 725 1548 796 quantumcessio
1577 725 1677 776 ista
1711 725 1973 786 contenit,
1998 735 2088 776 aut

237 831 300 863 eo
326 822 572 882 tempore
606 812 886 864 meliorata
911 813 1162 875 voluerit,
1195 824 1247 864 et
1280 812 1646 885 repeticiones
1669 833 1762 864 sua
1794 833 1903 863 non
1929 811 2086 885 {opte-

239 900 352 952 niat
400 899 672 962 effectum,
725 911 778 951 et
825 902 958 952 haec
1008 902 1182 953 cessio
1232 902 1333 953 ista
1381 901 1556 973 adque
1597 901 1860 952 volomtas
1902 911 2087 952 nostra

240 989 387 1040 omni
417 999 664 1059 tempore
692 988 842 1040 firma
869 1001 1183 1060 permaneat
1220 1012 1267 1041 )).

313 1079 443 1128 Post
482 1077 615 1128 haec
659 1078 806 1128 curia
854 1078 926 1128 ait
975 1099 984 1129 :
1038 1101 1064 1128 ((
1111 1081 1180 1131 Se
1231 1078 1407 1130 adhuc
1457 1078 1664 1149 aliquid
1709 1077 1824 1129 abis
1875 1098 1941 1128 ex
1986 1077 2087 1128 hac

241 1185 397 1217 causa
425 1175 514 1216 aut
548 1185 708 1237 agere
744 1165 950 1227 debias,
984 1166 1152 1217 dicitu
1186 1167 1242 1217 in
1274 1177 1529 1238 presente
1566 1188 1614 1217 ».
1648 1166 1733 1217 1111
1766 1176 2087 1237 prosecutor

241 1254 375 1306 dixit
413 1274 422 1303 :
465 1275 491 1302 «
530 1253 752 1305 Gracias
801 1273 961 1325 agere
1011 1255 1387 1327 magnitudine
1428 1265 1657 1315 vestrae,
1712 1254 1860 1325 quod
1906 1254 2087 1305 dotem

240 1362 335 1394 sua
367 1342 567 1412 scripta
610 1360 770 1412 quem
814 1343 1110 1413 prosequio
1152 1343 1321 1415 gestis
1364 1342 1807 1414 municipalibUS,
1838 1352 1897 1393 ut
1939 1342 2088 1392 abuit

238 1432 450 1482 karetas
490 1439 687 1490 vestra,
735 1428 1070 1501 alegassetis.
1112 1433 1157 1482 It
1200 1431 1393 1483 secisse
1434 1431 1588 1483 vobis
1631 1451 1696 1482 ex
1737 1450 1885 1481 more
1936 1449 2087 1481 cons-

240 1519 417 1590 cripse
453 1540 500 1570 )).

240 1769 306 1816 N⁰
330 1773 384 1820 2.
426 1769 841 1836 Puryationpar
864 1776 1089 1819 serment
1113 1769 1264 1818 (I'une
1289 1767 1585 1818 accusation
1617 1767 1678 1816 de
1715 1768 1812 1817 vol.
1852 1768 2082 1817 For-mes,

667 1947 742 2013 (Z.
776 1948 847 2011 15)
878 1948 1051 1995 Form.
1081 1947 1276 1995 Andec.
1305 1946 1394 2012 (R.
1436 1945 1497 1995 G.
1524 1946 1656 2010 496).

313 2102 482 2153 Breve
510 2103 851 2164 sacramenti,
885 2103 1117 2173 qualiter
1152 2113 1205 2153 ct
1246 2122 1381 2173 quos
1423 2102 1772 2173 presentibus
1806 2101 2085 2174 ingressus

238 2200 319 2240 est
366 2190 547 2251 homo,
595 2211 793 2241 nomen
842 2191 940 2251 illi,
992 2191 1294 2241 Andecavis
1345 2191 1590 2250 civetate,
1646 2190 1731 2240 die
1781 2190 1894 2250 illo,
1940 2188 2086 2260 quod

238 2276 364 2328 fecit
391 2278 596 2328 minsus
624 2278 721 2339 illi,
749 2279 863 2329 dies
888 2289 1090 2339 tantus,
1116 2279 1171 2328 in
1198 2278 1433 2329 basileca
1460 2278 1656 2328 domne
1682 2278 1847 2328 illius.
1874 2279 2085 2328 Iuratus

238 2365 372 2416 dixit
397 2387 405 2416 :
430 2368 533 2417 Per
559 2367 704 2417 1111110
732 2367 851 2417 loco
880 2377 1066 2417 sancto
1094 2377 1146 2417 et
1181 2366 1360 2417 divina
1387 2367 1566 2416 omnia
1593 2386 1697 2436 que
1716 2366 1804 2416 hic
1827 2376 2080 2438 aguntur,

237 2473 341 2524 que
389 2454 477 2504 1110
519 2456 635 2505 Deo
685 2455 900 2525 plenius
944 2454 1267 2514 offeruntur,
1304 2454 1449 2505 unde
1485 2454 1618 2504 mihi
1658 2454 1839 2515 homo,
1886 2474 2084 2504 nomen

235 2541 333 2602 illi,
365 2542 749 2612 interpellabat
776 2562 838 2593 eo
866 2543 1013 2613 quod
1040 2542 1247 2593 caballo
1276 2562 1372 2593 suo
1405 2542 1674 2603 furassita,
1707 2552 1796 2593 aut
1822 2542 1877 2592 in
1902 2552 2081 2592 taxato

235 2640 358 2699 post
405 2650 488 2680 me
523 2629 803 2691 abuissit¹,
835 2631 937 2680 1100
987 2628 1298 2681 coniurareb
1333 2630 1478 2701 quod
1527 2630 1734 2681 caballo
1769 2650 1884 2691 suo,
1924 2649 2085 2700 quem

236 2717 368 2767 mihi
409 2718 721 2787 reputabat,
784 2738 1076 2788 numquam
1126 2718 1315 2779 suravi,
1353 2738 1452 2769 nce
1501 2716 1813 2769 consciens2
1854 2717 1921 2768 ad
1965 2718 2084 2788 ipso

235 2804 525 2855 furandum
571 2825 863 2876 numquam
908 2805 1116 2865 suisset,
1170 2826 1270 2856 nec
1320 2816 1443 2876 post
1491 2826 1574 2856 me
1624 2806 1679 2856 in
1726 2816 1901 2856 taxata
1964 2805 2084 2876 ipso

235 2892 442 2943 caballo
478 2913 769 2964 numquam
804 2893 989 2954 habui,
1029 2913 1128 2944 nec
1163 2893 1268 2944 alio
1310 2894 1410 2944 tibi
1444 2893 1638 2944 exinde
1673 2913 1781 2944 non
1809 2892 2079 2954 redebio3,

291 3077 331 3129 a)
358 3074 479 3134 Scyle
505 3075 701 3118 indirect
734 3076 882 3134 repris
913 3091 1004 3135 pat·
1037 3075 1074 3117 le
1108 3077 1318 3134 notaire,·
1354 3076 1440 3118 lire
1476 3076 1712 3132 furassim,
1755 3075 1998 3118 abuissim.
2027 3101 2082 3106 —

234 3139 280 3197 b)
309 3141 475 3201 Suppl.
505 3143 741 3184 deberem.

294 3240 334 3280 1.
377 3237 540 3294 Garde',
572 3238 676 3280 cllez
702 3238 806 3294 moi,
833 3237 1333 3294 fi·a1cd1clezcse1netzt(t.
1358 3253 1481 3297 pour
1506 3240 1706 3295 texaga.)

295 3306 337 3345 2.
377 3307 480 3346 Com
520 3304 619 3346 lice.

297 3372 337 3414 3.
379 3386 394 3411 <t
422 3372 470 3411 Je
483 3319 547 3412 lite
574 3370 657 3412 t'en
686 3369 790 3413 dois
814 3385 904 3429 pas
930 3378 1060 3413 autre
1087 3370 1254 3427 (chose)
1281 3386 1365 3428 que
1392 3386 1437 3413 ce
1454 3373 1579 3429 juste
1602 3376 1796 3413 serment
1821 3385 1856 3411 )).
