2259 3692
935 79 1192 126 -45--

143 207 242 258 fuit
282 200 511 277 perduta
544 204 626 255 vel
668 202 942 254 naurata¹.
983 205 1134 274 Tune
1174 204 1354 254 taliter
1399 206 1447 256 ci
1493 207 1884 276 iudicaverunt,
1924 227 1982 267 ut

141 295 312 365 ipsam
346 313 458 343 rem
494 292 543 342 ei
567 291 900 342 transolvere
933 290 1015 341 vel
1043 291 1330 342 emendare
1357 292 1611 360 deberet3
1650 299 1745 350 sed
1772 301 1873 371 ipsi
1902 303 1981 354 illi

139 381 447 432 nullatenus
488 379 696 440 habuit,
742 378 885 429 unde
926 378 1097 448 ipsam
1137 398 1249 429 rem
1281 382 1644 434 transsolvere
1678 387 1760 437 vel
1797 408 1980 440 emen—

140 468 267 519 dare
293 467 535 518 deberet.
578 466 697 520 Sed,
719 466 899 516 taliter
932 465 981 516 ei
1014 464 1114 516 fuit
1147 465 1460 529 iudicatum,
1498 480 1556 520 ut
1588 471 1692 522 tale
1725 476 1980 528 caucione

139 555 205 607 de
232 566 391 626 eaput
425 575 597 615 suum,
629 573 787 604 manu
822 573 914 604 sua
948 552 1030 603 vel
1064 553 1331 605 bonorum
1364 555 1641 608 hominum
1669 559 1893 625 firmata,
1933 565 1983 616 ei

139 643 255 695 fieri
288 643 370 694 vel
413 641 757 694 conscribere
798 651 1073 712 rogassem
1122 641 1268 711 quod
1312 642 1384 693 ita
1429 654 1481 694 et
1526 644 1682 709 secit;
1731 659 1806 710 ut,
1855 651 1980 702 dum

138 732 307 803 ipsam
341 751 454 781 rem
487 750 594 780 non
627 728 792 779 habui
825 728 1086 798 precium,
1125 729 1269 779 unde
1301 732 1663 784 transsolvere
1690 736 1771 786 vel
1798 758 1981 789 emen-

139 819 266 870 dare
293 818 619 877 debuissem,
655 827 731 876 ut,
763 815 1019 886 quamdiu
1054 816 1312 878 advivam,
1352 818 1406 867 in
1442 820 1669 871 servicio
1702 825 1922 893 publico
1942 826 1976 889 Ξ,

138 926 296 978 quem
331 905 461 955 mihi
495 903 797 975 iniungitiS,
827 903 979 954 vobis
1015 903 1287 955 deservire
1320 898 1565 968 debeam,
1597 919 1649 959 et
1684 910 1726 960 si
1760 913 1980 985 neglec-

135 1004 256 1045 tens
287 1004 376 1044 aut
409 992 595 1043 tardus
623 991 687 1042 de
715 991 833 1062 ipso
872 991 1098 1042 servicio
1127 1013 1407 1063 aparoero,
1439 995 1831 1070 qualecumque
1869 1001 2002 1052 dis—v

136 1081 335 1152 ciplina
364 1080 496 1131 alios
523 1100 704 1130 servos
728 1090 850 1130 tuos
877 1079 1149 1150 inpendiS,
1172 1081 1333 1132 talem
1361 1102 1522 1154 super
1548 1105 1631 1136 1116
1656 1098 1979 1157 potestatem

135 1170 334 1220 habeas
369 1168 435 1219 ad
470 1167 793 1218 faciendum.
838 1169 904 1218 Et
937 1167 981 1217 si
1016 1167 1177 1218 suerit
1214 1180 1303 1219 aut
1337 1190 1437 1242 ego
1475 1171 1578 1242 ipsi
1613 1185 1702 1225 aut
1734 1176 1875 1228 ullus
1914 1178 1979 1230 de

136 1257 267 1308 meis
315 1256 564 1316 heredes,
612 1255 704 1326 qui
746 1265 931 1306 eontra
964 1256 1103 1307 hanc
1139 1257 1443 1308 cautionem
1484 1259 1638 1312 istam
1672 1264 1856 1315 venire
1890 1277 1979 1317 aut

135 1344 494 1396 reclamare...

135 1658 200 1704 Νο
227 1662 321 1708 38.
364 1656 607 1719 [ηεΙιίυἱείιι
651 1656 929 1704 convaineu
964 1656 1026 1705 sle
1066 1657 1148 1705 vol
1170 1676 1291 1706 avec
1332 1659 1630 1725 effraction.
1661 1664 1975 1729 Insolvahle,

202 1737 239 1785 il
261 1756 314 1785 36
340 1744 458 1799 met,
503 1755 564 1785 6η
593 1736 787 1804 qualite'
827 1737 888 1786 sle
914 1738 1043 1803 serf,
1085 1757 1150 1786 au
1188 1740 1382 1788 service
1408 1740 1474 1788 (Iu
1518 1743 1642 1805 vole',
1675 1745 1897 1812 jusqu'a
1924 1765 1978 1795 ce

199 1817 331 1885 qu'il
353 1818 582 1885 ailpaye'
611 1817 658 1866 Ia
686 1818 1065 1883 compositionss.
1104 1819 1370 1868 Tradition
1395 1821 1742 1891 symbolique.
1772 1826 1972 1877 Notice.

432 2015 505 2080 (Z.
535 2017 634 2081 27).
664 2017 837 2064 Form.
867 2017 1058 2066 Salieae
1086 2018 1304 2083 Bignon.
1338 2020 1418 2085 (R.
1453 2020 1512 2070 G.
1542 2022 1676 2087 464).

732 2217 922 2268 Cautio
950 2216 1015 2268 de
1042 2217 1373 2270 infracturis.

208 2361 450 2433 Contigit
484 2361 631 2432 quod
665 2363 942 2413 cellarium
974 2364 1057 2414 vel
1091 2365 1381 2435 spicarium
1415 2378 1651 2418 vestrum
1692 2369 1890 2442 infregi
1924 2381 1975 2422 et

133 2448 326 2499 exinde
361 2468 627 2500 annonam
660 2450 743 2500 vel
778 2450 934 2501 aliam
975 2471 1195 2522 raupam
1236 2453 1290 2502 in
1326 2454 1528 2505 solidos
1567 2466 1746 2507 tantos
1781 2457 1968 2509 furavi.

131 2537 272 2586 Dum
314 2547 366 2587 et
406 2557 498 2587 vos
534 2548 586 2588 et
618 2537 906 2589 advocatus
942 2550 1119 2590 vester
1154 2541 1346 2592 exinde
1381 2553 1503 2593 ante
1537 2543 1688 2594 illum
1723 2546 1973 2596 comitem

130 2623 480 2695 interpellare
530 2624 733 2687 fecisti,
776 2637 828 2677 et
878 2647 978 2699 ego
1027 2628 1165 2678 hane
1208 2649 1422 2680 causam
1464 2631 1772 2683 nullatenus
1821 2634 1974 2704 potui

131 2710 421 2783 denegare,
468 2713 544 2763 sie
589 2714 654 2764 ab
699 2713 831 2784 ipsis
876 2715 1239 2787 raeinburgiis
1282 2717 1382 2768 fuit
1415 2718 1728 2780 iudicatum,
1774 2730 1832 2771 ut
1876 2741 1974 2792 per

190 2947 231 2986 1.
266 2947 392 2987 Pom·
417 2947 704 3003 naufragata,
734 2947 1068 3006 eudommage'e,
1100 2966 1203 2993 ane.
1229 2954 1377 3008 flatze.
1402 2960 1595 2995 narrer?

190 3012 231 3051 2.
268 3010 365 3052 Nou
391 3026 480 3069 pas
511 3028 526 3052 <‹
552 3012 714 3070 public
740 3032 752 3053 ι
773 3031 780 3063 ;
804 3029 858 3056 on
881 3024 992 3073 peut
1012 3033 1044 3074 y
1065 3017 1159 3058 voit·
1177 3016 1215 3059 le
1233 3019 1395 3060 service
1419 3035 1434 3057 «
1461 3019 1522 3061 du
1545 3019 1710 3062 dehors
1730 3036 1766 3070 n,
1786 3019 1840 3062 de
1860 3020 1972 3063 l'ex-

128 3075 396 3134 ploitatc’on,
423 3092 516 3135 pat·
547 3079 811 3136 opposition
853 3095 915 3122 aa
950 3083 1113 3124 service
1151 3100 1165 3122 α
1196 3084 1439 3141 personne!
1473 3104 1505 3141 n,
1550 3084 1671 3127 dans
1699 3085 1744 3127 la
1771 3087 1969 3129 maison.

62 3186 66 3189 ,
128 3143 254 3183 Pom·
279 3142 385 3197 moi,
420 3144 466 3200 je
501 3143 796 3186 maduit-ais.-
827 3162 842 3185 α
872 3149 919 3188 Je
960 3147 1150 3190 rendrai
1180 3151 1470 3205 (exe'cutemi)
1512 3150 1575 3192 les
1610 3152 1798 3194 services
1837 3152 1943 3194 old]

129 3208 282 3249 naires
310 3207 411 3263 (tels
438 3224 522 3266 que
549 3208 612 3250 les
637 3210 823 3253 rendent
850 3219 914 3254 tes
940 3221 1095 3256 autres
1121 3218 1269 3271 εει-β’).
1304 3234 1319 3256 »

187 3275 228 3315 3.
270 3273 384 3315 C'est
406 3273 467 3325 lei,
504 3284 810 3333 proprement,
841 3293 923 3320 une
950 3279 1235 3322 obnoxiatio.
