2259 3692
965 145 1229 193 ...53-

175 269 352 340 ipsum
379 270 644 321 caballum
669 272 689 321 P
713 303 784 308 -—
809 273 929 323 Non
957 271 1077 322 feci.
1108 304 1180 309 ——
1203 272 1296 325 Vis
1324 272 1372 322 ei
1399 271 1576 323 ardire
1600 271 1648 324 ¹?
1670 306 1742 312 —
1766 275 1920 328 Volo.
1951 309 2023 315 —

177 359 243 408 Et
271 368 348 418 tu,
378 357 456 407 vis
482 368 534 408 te
562 357 855 409 defendere
881 359 902 410 Ρ
925 392 996 396 -
1019 359 1174 412 Volo.
1205 393 1277 398 —
1301 360 1552 415 XVadiate
1578 381 1834 433 pugnam.
1866 397 1937 402 —-
1964 365 2023 416 Si

175 444 370 496 dixerit
403 445 663 496 :vendidi
708 457 761 497 et
807 446 929 496 volo
979 457 1119 498 stare
1161 447 1216 497 in
1261 448 1663 510 auctoritatem,
1703 449 1794 500 det
1823 451 2017 513 wadia,

175 533 321 604 quod
348 544 451 584 stet
477 534 531 584 in
559 535 961 596 auctoritatem3
992 545 1044 585 et
1070 535 1186 606 ipsc
1207 535 1296 586 det
1314 535 1489 588 wadia
1510 536 1574 587 de
1597 538 2017 601 contradictore,

174 632 227 672 et
260 621 451 672 reddat
484 622 728 692 precium
762 633 814 673 et
857 623 1085 694 recipiat
1119 624 1403 675 caballum.
1432 657 1504 662 -—
1531 625 1675 691 Quid
1717 626 1819 676 tibi
1859 628 2020 697 perti-

174 709 291 760 nuit
338 709 439 760 iste
490 710 729 761 caballus
777 710 843 761 ad
890 711 1280 763 vendendum?
1319 746 1390 750 —
1436 714 1550 784 Ego
1600 715 1906 784 comparavi
1956 715 2021 766 de

174 800 406 850 Donato.
437 830 509 835 -—
533 801 612 850 Da
646 799 799 850 vadia
841 799 906 851 de
942 810 1179 851 auctore.
1210 834 1282 838 —
1316 797 1534 861 Et'tibi,
1575 801 1706 872 quid
1739 802 2023 872 pertinet?

172 920 244 926 -—
279 889 393 959 Ego
435 888 741 959 comparavi
789 888 854 939 dc
897 888 1082 940 Paulo.
1125 922 1197 927 —-
1233 891 1353 941 Non
1399 889 1556 940 vadat
1598 910 1760 961 super
1792 891 2021 942 tercium

171 986 488 1028 warentem.
519 976 626 1027 Aut
658 977 799 1028 iuret
831 977 1129 1028 secundum
1164 998 1337 1039 usum,
1371 978 1517 1048 quod
1557 998 1656 1029 nec
1695 978 1778 1029 sur
1821 980 1889 1030 sit
1921 999 2021 1031 nec

175 1064 385 1136 collega
416 1065 644 1126 furonis,
676 1077 766 1116 aut
799 1065 1051 1117 emendet
1086 1066 1189 1117 sibi
1215 1087 1436 1117 nonum.

247 1154 434 1214 petre,
478 1164 530 1204 te
573 1154 810 1225 appellat
858 1154 1151 1215 Martinus,
1205 1154 1352 1225 quod
1399 1155 1515 1225 ipse
1562 1155 1867 1207 interciavit
1921 1157 2022 1207 tibi

174 1261 340 1292 unum
379 1262 532 1292 suum
570 1242 855 1303 caballum,
898 1242 991 1313 qui
1022 1242 1234 1294 valebat
1267 1243 1433 1293 libras
1462 1244 1510 1294 5.
1540 1276 1611 1281 —-
1646 1245 1760 1316 Ego
1803 1264 2021 1315 compa-

174 1330 285 1381 ravi
332 1331 510 1402 ipsum
561 1331 827 1381 caballum
869 1331 934 1382 de
984 1331 1219 1382 Martino
1269 1331 1334 1382 de
1384 1333 1570 1384 Roma.
1609 1331 1819 1383 -·Aut
1862 1332 2023 1384 ducat

170 1430 468 1471 warentem
502 1419 642 1470 insra
674 1419 903 1470 tercium
938 1420 1271 1482 comitatum,
1303 1431 1392 1471 aut
1426 1420 1619 1491 perdat
1653 1421 1937 1481 caballum,
1970 1432 2023 1472 et

174 1506 333 1558 faciat
366 1507 737 1579 supradictum
772 1519 1186 1560 sacramentum.

173 1810 240 1858 No
281 1815 375 1860 50.
417 1809 952 1875 [Affranchissement
980 1828 1085 1876 par
1135 1809 1177 1858 la
1233 1831 1253 1854 «
1286 1809 1532 1859 tradition
1578 1809 1639 1857 (le
1690 1809 1736 1857 Ia,
1793 1811 2020 1858 charte»

238 1909 360 1940 avec
402 1891 586 1939 remise
626 1891 692 1939 clu
741 1891 945 1957 pe'cule,
988 1891 1193 1940 suivant
1237 1891 1305 1939 les
1368 1891 1593 1939 diverses
1638 1890 1729 1938 lois
1769 1890 2024 1957 d'origsine

244 1973 359 2037 (ΧΙ6
384 1972 574 2038 siecle).

323 2157 519 2207 Cartul.
549 2158 778 2222 Langob.
808 2165 861 2205 n⁰
889 2160 915 2205 8
945 2158 1176 2205 Monuni.
1207 2158 1381 2205 Germ.
1412 2158 1535 2221 Leg.
1566 2158 1652 2215 IV,
1685 2158 1795 2215 596,
1828 2160 1874 2203 2.

682 2345 925 2397 Traditio
953 2343 1189 2395 cartulae
1215 2343 1500 2394 libertatis.

249 2464 500 2525 Marfine,
530 2463 684 2515 trade
719 2464 980 2534 perhanc
1014 2481 1399 2534 pergamenam
1435 2472 1635 2512 cartam
1669 2461 1937 2512 libertatis
1973 2474 2024 2513 et

176 2552 534 2603 absolutionis
555 2552 622 2603 ad
648 2551 1026 2603 Marcoardum
1048 2550 1140 2621 qui
1161 2561 1241 2601 est
1269 2570 1452 2600 servus
1471 2549 1550 2600 tui
1577 2549 1728 2610 iuris,
1752 2560 1809 2600 ut
1830 2549 2022 2600 amodo

175 2662 201 2691 a
234 2641 477 2711 presenti
515 2640 600 2691 die
639 2640 706 2691 sit
747 2640 885 2690 liber
923 2650 975 2689 et
1009 2639 1288 2690 absolutus
1322 2639 1387 2688 ab
1426 2637 1572 2687 omni
1604 2637 1820 2687 vinculo
1863 2638 2022 2687 servi-

174 2729 305 2780 tutis
332 2729 476 2779 iuxta
503 2729 679 2800 legem
712 2749 811 2799 pro
846 2728 1054 2779 animae
1086 2738 1208 2777 tuae
1243 2725 1512 2786 mercede,
1545 2736 1597 2775 et
1629 2725 1825 2776 habeat
1851 2725 2021 2776 licen-

175 2817 304 2868 tiam
337 2828 389 2867 et.
421 2828 744 2888 potestatem
780 2817 844 2867 de
881 2826 1134 2887 quattuor
1158 2814 1256 2864 viis
1284 2813 1557 2865 ambulare
1593 2824 1681 2863 aut
1708 2813 2019 2864 cohabitare

176 2906 271 2956 ubi
311 2905 562 2965 voluerit,
610 2915 662 2955 et
703 2924 878 2975 neque
922 2924 949 2954 a
988 2914 1040 2954 te
1084 2922 1260 2973 neque
1301 2922 1328 2952 a
1367 2902 1474 2952 tuis
1519 2901 1814 2952 heredibus
1855 2901 2018 2952 ullam

176 2995 375 3045 habeat
407 2993 790 3064 repetitionem
816 3013 915 3043 nec
949 2991 1319 3042 conditionem
1365 2989 1639 3040 servitutis
1675 2989 1770 3040 scd
1810 2989 1865 3040 in
1898 3009 2023 3060 per-

177 3093 400 3154 petuum
434 3092 749 3152 permaneat
782 3081 837 3130 in
876 3099 969 3130 sua
1005 3089 1273 3150 potestate
1310 3089 1362 3129 et
1398 3097 1636 3149 congrua
1671 3078 1941 3138 libertate,
1972 3088 2024 3128 et

179 3171 317 3221 sicut.
362 3170 441 3220 illi
483 3170 574 3240 qui
624 3170 678 3219 {n
722 3168 1020 3239 quadruvio
1063 3168 1115 3218 in
1159 3177 1346 3238 quarta
1390 3186 1548 3217 manu
1585 3166 1771 3217 traditi
1809 3176 1931 3216 sunt
1971 3176 2023 3216 et.

242 3372 276 3411 l.
321 3368 596 3411 Combattlv.
