2259 3692
944 273 1238 323 -152—

161 402 351 474 optimi
369 402 507 452 libra
523 420 646 461 una,
668 410 720 450 et
738 399 883 470 quod
899 399 1281 470 repetierimus
1296 397 1573 448 vindicare
1590 416 1698 448 11011
1714 398 2004 460 valeamus,

161 491 255 542 sed
288 509 547 561 praesens
594 488 798 539 cartula
847 487 1169 539 vinditionis
1218 486 1491 537 diuturnis
1524 487 1863 557 temporibus
1898 508 2009 538 ma-

158 589 282 630 neat
315 576 631 629 inconvulsa
666 596 786 627 011111
826 576 1179 647 stipulatione
1216 575 1465 625 subnixa.
1501 575 1730 645 Insuper
1765 586 1817 626 et
1859 596 1886 626 a
1926 596 2009 626 me

160 668 252 738 qui
269 687 431 738 supra
453 665 759 718 Sisenando
785 664 867 715 vel
889 664 1185 715 heredibus
1209 683 1267 714 ac
1284 662 1684 734 proheredibus
1705 664 1838 714 meis
1856 664 2010 714 vobis

161 755 382 807 domino
418 754 693 806 Ludovico
722 753 1038 824 imperatori
1073 752 1314 824 glorioso
1341 752 1646 822 vestrisque
1689 751 2006 812 heredibus,

161 854 250 894 aut
278 843 364 894 cui
394 862 487 894 vos
516 841 778 893 dederitis
804 841 887 892 vel
914 841 1117 891 habere
1147 839 1465 900 statueritis,
1497 839 1760 910 predictis
1797 839 1933 890 casis
1960 850 2012 890 et

158 932 410 983 omnibus
426 931 608 992 rebus,
631 931 770 981 sicut
787 930 1037 1000 superius
1055 939 1181 980 sunt
1202 928 1633 999 comprehensis,
1659 928 1714 978 in
1735 928 2012 1000 integrum

161 1021 225 1071 ab
246 1020 392 1071 omni
415 1019 633 1070 homine
655 1018 761 1069 sint
777 1017 1088 1069 defensatis,
1116 1017 1275 1082 Quod
1302 1017 1344 1067 si
1373 1016 1666 1067 defendere
1696 1036 1804 1067 non
1824 1027 2011 1087 potue-

159 1109 346 1169 rimus,
386 1119 475 1159 aut
507 1108 551 1158 si
575 1107 727 1158 vobis
757 1105 950 1157 exinde
988 1105 1182 1176 aliquis
1218 1125 1316 1176 pro
1353 1105 1542 1176 quovis
1583 1105 1863 1176 ingenium
1892 1106 2011 1156 sub-

159 1198 376 1249 trahere
410 1195 828 1267 quaesierimus,
868 1194 922 1244 in
959 1193 1160 1264 duplex
1191 1193 1345 1243 vobis
1380 1204 1469 1244 aut
1504 1193 1589 1244 cui
1621 1213 1714 1243 vos
1751 1193 2012 1244 dederitis

157 1286 241 1337 vel
275 1286 477 1336 habere
514 1283 813 1334 statueritis
848 1282 1219 1342 restituamus,
1253 1281 1392 1331 sicut
1411 1301 1510 1352 pro
1537 1292 1783 1352 tempore
1812 1281 2014 1332 fuerint

160 1373 455 1424 melioratis
491 1382 578 1422 0111
623 1370 853 1422 valerint
888 1370 987 1420 51111
1034 1369 1408 1420 aestimatione
1452 1369 1505 1419 111
1550 1369 1741 1420 eodem
1784 1369 1922 1430 loco,
1962 1381 2014 1421 et

160 1461 296 1513 nihil
333 1460 464 1511 mihi
491 1480 556 1511 ex
587 1459 764 1531 pretio
801 1457 1007 1529 aliquid
1052 1457 1379 1508 reddideris.
1419 1457 1544 1508 Dixi
1594 1468 1646 1508 et
1685 1478 2015 1530 pergamena

163 1570 282 1601 cum
309 1548 691 1600 atramentario
728 1547 792 1598 de
819 1558 965 1598 terra
1000 1546 1216 1597 elevans
1251 1545 1528 1616 Ariperto,
1568 1546 1780 1597 notario
1809 1546 2015 1597 domini

163 1637 526 1709 imperatoris,
567 1636 766 1687 tradidi
803 1646 855 1686 et
898 1635 1139 1686 scribere
1182 1635 1387 1706 rogavi,
1427 1635 1481 1684 in
1525 1655 1628 1705 qua
1663 1635 1848 1685 subter
1884 1654 2015 1685 con-

163 1726 381 1777 firmans
414 1725 756 1796 testibusque
785 1723 960 1775 obtuli
991 1723 1380 1773 roborandum.
1414 1722 1608 1773 Actum
1636 1723 1691 1773 in
1717 1723 1842 1774 villa
1878 1743 2014 1793 quae

166 1815 364 1866 dicitur
389 1814 541 1874 VicO,
574 1813 667 1864 ubi
695 1813 811 1884 ipse
847 1822 1107 1884 augustus
1141 1822 1391 1882 praeerat
1420 1811 1670 1862 feliciter.

241 1905 356 1975 Ego
388 1901 722 1954 Sisenandus
749 1901 805 1952 in
831 1901 931 1951 hac
958 1900 1163 1951 cartula
1182 1899 1514 1950 venditionis
1543 1920 1569 1951 a
1589 1920 1672 1951 me
1694 1900 1831 1951 sacta
1859 1920 2013 1970 supe-

166 1992 278 2043 rius
312 1993 414 2042 hoc
452 1990 881 2062 suprascriptum
917 1999 1203 2061 argentum
1238 1988 1441 2059 accepi.
1487 1988 1716 2060 Signum
1751 1991 1788 2057 »ᾗ
1824 2009 2012 2039 manus

168 2080 453 2153 Dagiberti
479 2100 543 2130 ex
575 2098 775 2149 genere
810 2080 1163 2137 Francorum,
1196 2076 1396 2127 vasallo
1432 2077 1709 2137 Aderaldi,
1740 2077 1913 2127 testis.
1955 2080 2009 2128 S.

167 2171 205 2237 ἦ*
248 2188 436 2219 111011115
478 2167 719 2218 [seherio
764 2186 828 2216 ex
867 2185 1068 2236 genere
1110 2167 1464 2225 Francorum,
1516 2165 1716 2215 vasallo
1758 2165 2015 2219 Wichodi

169 2257 413 2328 episcopi
446 2256 619 2307 testis.
663 2257 717 2307 S.
758 2256 796 2323 J<
824 2274 1012 2304 manus
1033 2253 1310 2314 Juneradi,
1344 2274 1408 2303 ex
1432 2273 1633 2325 genere
1660 2255 2012 2313 Francorum,

1579 2344 1588 2361 Q

167 2345 396 2396 vassallo
430 2344 600 2415 ipsius
636 2342 821 2394 domni
855 2341 1218 2412 imperatoris,
1259 2341 1432 2391 testis.
1470 2343 1524 2392 S.
1565 2367 1603 2409 >f
1638 2361 1826 2392 manus
1862 2342 2017 2391 Lam-

169 2433 315 2505 paldi
351 2453 415 2483 ex
440 2451 640 2505 genere.
676 2434 1029 2489 Francorum,
1061 2429 1291 2480 vassallo
1316 2429 1575 2483 Wichodi
1614 2430 1876 2500 episcopi,
1915 2440 2017 2480 tes-

169 2522 256 2572 tis.
291 2523 346 2573 S.
386 2524 422 2589 J-
452 2540 639 2571 manus
673 2518 886 2578 wilari,
917 2517 1146 2568 vassallo
1180 2517 1419 2568 Andraei
1453 2517 1716 2588 episcopi,
1747 2518 1921 2568 testis.
1957 2520 2013 2569 S.

171 2613 210 2679 ἦ·
250 2629 438 2661 manus
480 2607 740 2661 Richardi
782 2627 846 2657 ex
886 2626 1088 2678 genere
1130 2608 1485 2666 Francorum,
1523 2606 1753 2656 vassallo
1781 2606 2018 2656 Andraei

171 2698 346 2749 vocati
379 2696 643 2768 episcopi,
680 2695 854 2746 testis.
895 2696 1010 2766 Ego
1045 2694 1439 2766 Agelmundus,
1480 2693 1642 2745 iudex
1676 2694 1881 2744 domini
1919 2694 2018 2744 im-

172 2785 460 2857 peratoris,
507 2785 561 2835 in
600 2785 699 2835 1100
747 2783 951 2834 cartula
998 2782 1317 2832 vinditionis
1365 2792 1586 2853 rogatus
1637 2802 1663 2832 a
1714 2781 2017 2833 Sisenando

175 2873 545 2945 supradictum
579 2882 864 2943 argentum
892 2870 1138 2940 accipere
1165 2869 1292 2920 vidi.
1328 2871 1442 2941 Ego
1469 2869 1745 2930 Albertus,
1776 2869 2018 2919 notarius

177 2961 381 3013 domini
415 2959 779 3031 imperatoris,
822 2959 877 3008 in
910 2959 1009 3008 hac
1046 2957 1248 3008 cartula
1281 2957 1607 3007 vindicionis
1641 2977 1666 3008 a
1716 2956 2019 3009 Sisenando

176 3049 546 3120 suprascripto
567 3058 619 3098 et
639 3046 1068 3118 suprascriptum
1089 3055 1372 3117 argentum
1394 3045 1638 3116 accipere
1654 3045 1780 3096 vidi.
1803 3047 2015 3105 Petrus,

176 3137 418 3188 notarius
454 3135 659 3187 domini
694 3133 1057 3205 imperatoris,
1098 3133 1153 3183 in
1195 3133 1295 3183 1100
1332 3133 1535 3184 cartula
1568 3133 1898 3184 venditionis
1931 3153 2020 3183 ro-

176 3236 331 3297 gatus
366 3245 393 3276 a
429 3222 732 3276 Sisenando
780 3221 934 3271 testis
979 3221 1408 3291 suprascriptum
1449 3232 1731 3293 argentum
1775 3222 2020 3292 accipere

175 3313 302 3364 vidi.
336 3314 451 3385 Ego
486 3311 792 3382 AripertUS,
841 3309 1085 3360 notarius
1131 3308 1335 3359 domini
1374 3309 1747 3380 imperatoris,
1787 3309 2020 3379 scriptor

178 3401 337 3451 huius
366 3399 600 3451 cartulae
627 3397 975 3449 venditionis.
