<?xml version="1.0" encoding="UTF-8"?>
<!DOCTYPE html PUBLIC "-//W3C//DTD XHTML 1.0 Transitional//EN"
    "http://www.w3.org/TR/xhtml1/DTD/xhtml1-transitional.dtd">
<html xmlns="http://www.w3.org/1999/xhtml" xml:lang="en" lang="en">
 <head>
  <title>
</title>
<meta http-equiv="Content-Type" content="text/html;charset=utf-8" />
  <meta name='ocr-system' content='tesseract 3.04.00' />
  <meta name='ocr-capabilities' content='ocr_page ocr_carea ocr_par ocr_line ocrx_word'/>
</head>
<body>
  <div class='ocr_page' id='page_1' title='image "./textesrelatifsau00thuoft_0020.png"; bbox 0 0 2259 3692; ppageno 0'>
   <div class='ocr_carea' id='block_1_1' title="bbox 1061 108 1291 157">
    <p class='ocr_par' dir='ltr' id='par_1_1' title="bbox 1061 108 1291 157">
     <span class='ocr_line' id='line_1_1' title="bbox 1061 108 1291 157; baseline -0.004 -12"><span class='ocrx_word' id='word_1_1' title='bbox 1061 108 1291 157; x_wconf 77' lang='lat'>..8-</span> 
     </span>
    </p>
   </div>
   <div class='ocr_carea' id='block_1_2' title="bbox 234 231 2094 2594">
    <p class='ocr_par' dir='ltr' id='par_1_2' title="bbox 234 231 2094 2594">
     <span class='ocr_line' id='line_1_2' title="bbox 245 231 2086 294; baseline -0.003 -7"><span class='ocrx_word' id='word_1_2' title='bbox 245 256 365 288; x_wconf 93' lang='lat' dir='ltr'>cum</span> <span class='ocrx_word' id='word_1_3' title='bbox 409 244 708 286; x_wconf 85' lang='lat' dir='ltr'>strumenta</span> <span class='ocrx_word' id='word_1_4' title='bbox 754 243 1021 284; x_wconf 88' lang='lat' dir='ltr'>cartarum</span> <span class='ocrx_word' id='word_1_5' title='bbox 1067 232 1415 294; x_wconf 82' lang='lat' dir='ltr'>vindicioniS,</span> <span class='ocrx_word' id='word_1_6' title='bbox 1462 231 1756 293; x_wconf 88' lang='lat' dir='ltr'>caucionis,</span> <span class='ocrx_word' id='word_1_7' title='bbox 1803 232 2086 293; x_wconf 82' lang='lat' dir='ltr'>cessionis,</span> 
     </span>
     <span class='ocr_line' id='line_1_3' title="bbox 243 319 2085 391; baseline -0.002 -17"><span class='ocrx_word' id='word_1_8' title='bbox 243 322 587 383; x_wconf 84' lang='lat' dir='ltr'>donacionis,</span> <span class='ocrx_word' id='word_1_9' title='bbox 633 321 802 382; x_wconf 91' lang='lat' dir='ltr'>dotis,</span> <span class='ocrx_word' id='word_1_10' title='bbox 846 319 1354 391; x_wconf 87' lang='lat' dir='ltr'>composeionalis¹,</span> <span class='ocrx_word' id='word_1_11' title='bbox 1410 320 1832 380; x_wconf 89' lang='lat' dir='ltr'>contulacionis,</span> <span class='ocrx_word' id='word_1_12' title='bbox 1885 320 2085 391; x_wconf 85' lang='lat' dir='ltr'>pactiS,</span> 
     </span>
     <span class='ocr_line' id='line_1_4' title="bbox 241 407 2090 470; baseline -0.002 -8"><span class='ocrx_word' id='word_1_13' title='bbox 241 409 706 470; x_wconf 78' lang='lat' dir='ltr'>commutacionis,</span> <span class='ocrx_word' id='word_1_14' title='bbox 751 409 1174 469; x_wconf 79' lang='lat' dir='ltr'>convenienciis,</span> <span class='ocrx_word' id='word_1_15' title='bbox 1215 408 1541 469; x_wconf 80' lang='lat' dir='ltr'>securitatis,</span> <span class='ocrx_word' id='word_1_16' title='bbox 1570 408 1917 469; x_wconf 84' lang='lat' dir='ltr'>vacuaturiis,</span> <span class='ocrx_word' id='word_1_17' title='bbox 1955 407 2090 459; x_wconf 88' lang='lat' dir='ltr'>iudi-</span> 
     </span>
     <span class='ocr_line' id='line_1_5' title="bbox 242 495 2086 566; baseline -0.002 -17"><span class='ocrx_word' id='word_1_18' title='bbox 242 499 355 549; x_wconf 90' lang='lat' dir='ltr'>cius</span> <span class='ocrx_word' id='word_1_19' title='bbox 391 508 443 549; x_wconf 91' lang='lat' dir='ltr'>et</span> <span class='ocrx_word' id='word_1_20' title='bbox 478 497 726 558; x_wconf 83' lang='lat' dir='ltr'>noticias,</span> <span class='ocrx_word' id='word_1_21' title='bbox 766 495 1160 547; x_wconf 73' lang='lat' dir='ltr'>oblecacionis²</span> <span class='ocrx_word' id='word_1_22' title='bbox 1195 496 1278 546; x_wconf 86' lang='lat' dir='ltr'>vel</span> <span class='ocrx_word' id='word_1_23' title='bbox 1315 495 1553 566; x_wconf 87' lang='lat' dir='ltr'>reliquas</span> <span class='ocrx_word' id='word_1_24' title='bbox 1592 516 1678 546; x_wconf 91' lang='lat' dir='ltr'>res</span> <span class='ocrx_word' id='word_1_25' title='bbox 1719 495 2086 566; x_wconf 85' lang='lat' dir='ltr'>quamplures,</span> 
     </span>
     <span class='ocr_line' id='line_1_6' title="bbox 242 582 2090 658; baseline -0.002 -21"><span class='ocrx_word' id='word_1_26' title='bbox 242 586 389 658; x_wconf 89' lang='lat' dir='ltr'>quod</span> <span class='ocrx_word' id='word_1_27' title='bbox 414 586 636 657; x_wconf 83' lang='lat' dir='ltr'>longum</span> <span class='ocrx_word' id='word_1_28' title='bbox 672 596 752 636; x_wconf 88' lang='lat' dir='ltr'>est</span> <span class='ocrx_word' id='word_1_29' title='bbox 785 605 883 655; x_wconf 88' lang='lat' dir='ltr'>per</span> <span class='ocrx_word' id='word_1_30' title='bbox 919 584 1130 655; x_wconf 77' lang='lat' dir='ltr'>singula</span> <span class='ocrx_word' id='word_1_31' title='bbox 1165 584 1428 635; x_wconf 89' lang='lat' dir='ltr'>minustre</span> <span class='ocrx_word' id='word_1_32' title='bbox 1448 582 1482 644; x_wconf 80' lang='lat'>3,</span> <span class='ocrx_word' id='word_1_33' title='bbox 1515 583 1581 635; x_wconf 89' lang='lat' dir='ltr'>ad</span> <span class='ocrx_word' id='word_1_34' title='bbox 1615 583 1773 634; x_wconf 86' lang='lat' dir='ltr'>surtis</span> <span class='ocrx_word' id='word_1_35' title='bbox 1801 584 1976 634; x_wconf 86' lang='lat' dir='ltr'>causis</span> <span class='ocrx_word' id='word_1_36' title='bbox 2004 583 2090 634; x_wconf 87' lang='lat' dir='ltr'>de-</span> 
     </span>
     <span class='ocr_line' id='line_1_7' title="bbox 239 671 2091 746; baseline -0.002 -21"><span class='ocrx_word' id='word_1_37' title='bbox 239 684 568 746; x_wconf 88' lang='lat' dir='ltr'>portassent,</span> <span class='ocrx_word' id='word_1_38' title='bbox 593 673 736 724; x_wconf 92' lang='lat' dir='ltr'>unde</span> <span class='ocrx_word' id='word_1_39' title='bbox 756 693 853 744; x_wconf 88' lang='lat' dir='ltr'>per</span> <span class='ocrx_word' id='word_1_40' title='bbox 888 673 1032 743; x_wconf 89' lang='lat' dir='ltr'>ipsas</span> <span class='ocrx_word' id='word_1_41' title='bbox 1069 683 1241 723; x_wconf 89' lang='lat' dir='ltr'>cartas</span> <span class='ocrx_word' id='word_1_42' title='bbox 1261 672 1445 743; x_wconf 90' lang='lat' dir='ltr'>pluras</span> <span class='ocrx_word' id='word_1_43' title='bbox 1472 682 1644 722; x_wconf 85' lang='lat' dir='ltr'>terras</span> <span class='ocrx_word' id='word_1_44' title='bbox 1661 682 1784 742; x_wconf 89' lang='lat' dir='ltr'>post</span> <span class='ocrx_word' id='word_1_45' title='bbox 1820 692 1874 722; x_wconf 89' lang='lat' dir='ltr'>se</span> <span class='ocrx_word' id='word_1_46' title='bbox 1909 671 2091 722; x_wconf 85' lang='lat' dir='ltr'>dicere</span> 
     </span>
     <span class='ocr_line' id='line_1_8' title="bbox 237 760 2091 824; baseline -0.001 -12"><span class='ocrx_word' id='word_1_47' title='bbox 237 762 535 824; x_wconf 81' lang='lat' dir='ltr'>vinditum3</span> <span class='ocrx_word' id='word_1_48' title='bbox 573 772 625 812; x_wconf 91' lang='lat' dir='ltr'>et</span> <span class='ocrx_word' id='word_1_49' title='bbox 659 761 714 811; x_wconf 93' lang='lat' dir='ltr'>in</span> <span class='ocrx_word' id='word_1_50' title='bbox 744 771 1051 811; x_wconf 85' lang='lat' dir='ltr'>crastenum</span> <span class='ocrx_word' id='word_1_51' title='bbox 1087 761 1256 811; x_wconf 82' lang='lat' dir='ltr'>locale</span> <span class='ocrx_word' id='word_1_52' title='bbox 1285 761 1597 811; x_wconf 75' lang='lat' dir='ltr'>accessione</span> <span class='ocrx_word' id='word_1_53' title='bbox 1632 780 1736 810; x_wconf 87' lang='lat' dir='ltr'>una</span> <span class='ocrx_word' id='word_1_54' title='bbox 1766 780 1887 810; x_wconf 92' lang='lat' dir='ltr'>cum</span> <span class='ocrx_word' id='word_1_55' title='bbox 1921 760 2091 810; x_wconf 87' lang='lat' dir='ltr'>bonas</span> 
     </span>
     <span class='ocr_line' id='line_1_9' title="bbox 239 847 2091 920; baseline -0.002 -19"><span class='ocrx_word' id='word_1_56' title='bbox 239 861 291 901; x_wconf 91' lang='lat' dir='ltr'>ct</span> <span class='ocrx_word' id='word_1_57' title='bbox 340 860 581 901; x_wconf 82' lang='lat' dir='ltr'>straneas</span> <span class='ocrx_word' id='word_1_58' title='bbox 629 869 890 920; x_wconf 87' lang='lat' dir='ltr'>personas</span> <span class='ocrx_word' id='word_1_59' title='bbox 938 849 1131 899; x_wconf 79' lang='lat' dir='ltr'>vicinis</span> <span class='ocrx_word' id='word_1_60' title='bbox 1182 849 1323 899; x_wconf 85' lang='lat' dir='ltr'>eirea</span> <span class='ocrx_word' id='word_1_61' title='bbox 1373 848 1639 899; x_wconf 88' lang='lat' dir='ltr'>manentis</span> <span class='ocrx_word' id='word_1_62' title='bbox 1698 848 1751 898; x_wconf 88' lang='lat' dir='ltr'>in</span> <span class='ocrx_word' id='word_1_63' title='bbox 1803 848 1921 918; x_wconf 83' lang='lat' dir='ltr'>ipso</span> <span class='ocrx_word' id='word_1_64' title='bbox 1971 847 2091 898; x_wconf 90' lang='grc'><strong>1000</strong></span> 
     </span>
     <span class='ocr_line' id='line_1_10' title="bbox 240 936 2090 1007; baseline -0.001 -19"><span class='ocrx_word' id='word_1_65' title='bbox 240 938 487 989; x_wconf 88' lang='lat' dir='ltr'>manibus</span> <span class='ocrx_word' id='word_1_66' title='bbox 515 958 701 988; x_wconf 91' lang='lat' dir='ltr'>eorum</span> <span class='ocrx_word' id='word_1_67' title='bbox 728 938 1015 988; x_wconf 84' lang='lat' dir='ltr'>roboratus</span> <span class='ocrx_word' id='word_1_68' title='bbox 1042 937 1354 988; x_wconf 87' lang='lat' dir='ltr'>accessisse.</span> <span class='ocrx_word' id='word_1_69' title='bbox 1390 938 1455 987; x_wconf 87' lang='lat' dir='ltr'>Et</span> <span class='ocrx_word' id='word_1_70' title='bbox 1488 937 1556 987; x_wconf 89' lang='lat' dir='ltr'>ob</span> <span class='ocrx_word' id='word_1_71' title='bbox 1583 937 1685 987; x_wconf 90' lang='lat' dir='ltr'>hoc</span> <span class='ocrx_word' id='word_1_72' title='bbox 1715 936 1932 1007; x_wconf 82' lang='lat' dir='ltr'>cognita</span> <span class='ocrx_word' id='word_1_73' title='bbox 1958 936 2090 987; x_wconf 89' lang='lat' dir='ltr'>rela-</span> 
     </span>
     <span class='ocr_line' id='line_1_11' title="bbox 239 1024 2092 1096; baseline -0.001 -20"><span class='ocrx_word' id='word_1_74' title='bbox 239 1026 450 1077; x_wconf 89' lang='lat' dir='ltr'>cionem</span> <span class='ocrx_word' id='word_1_75' title='bbox 492 1036 614 1076; x_wconf 92' lang='lat' dir='ltr'>ante</span> <span class='ocrx_word' id='word_1_76' title='bbox 665 1025 1067 1096; x_wconf 86' lang='lat' dir='ltr'>suprascriptus</span> <span class='ocrx_word' id='word_1_77' title='bbox 1129 1025 1358 1075; x_wconf 87' lang='lat' dir='ltr'>senioris</span> <span class='ocrx_word' id='word_1_78' title='bbox 1406 1025 1795 1095; x_wconf 84' lang='lat' dir='ltr'>presentabant</span> <span class='ocrx_word' id='word_1_79' title='bbox 1846 1024 1912 1074; x_wconf 91' lang='lat' dir='ltr'>ad</span> <span class='ocrx_word' id='word_1_80' title='bbox 1959 1024 2092 1075; x_wconf 89' lang='lat' dir='ltr'>rele-</span> 
     </span>
     <span class='ocr_line' id='line_1_12' title="bbox 236 1112 2093 1186; baseline -0.001 -22"><span class='ocrx_word' id='word_1_81' title='bbox 236 1113 488 1186; x_wconf 80' lang='lat' dir='ltr'>gendam,</span> <span class='ocrx_word' id='word_1_82' title='bbox 524 1134 622 1184; x_wconf 87' lang='lat' dir='ltr'>per</span> <span class='ocrx_word' id='word_1_83' title='bbox 657 1133 817 1184; x_wconf 86' lang='lat' dir='ltr'>quem</span> <span class='ocrx_word' id='word_1_84' title='bbox 860 1113 1038 1183; x_wconf 87' lang='lat' dir='ltr'>ipsum</span> <span class='ocrx_word' id='word_1_85' title='bbox 1084 1113 1327 1163; x_wconf 90' lang='lat' dir='ltr'>seniores</span> <span class='ocrx_word' id='word_1_86' title='bbox 1373 1123 1746 1184; x_wconf 77' lang='lat' dir='ltr'>cognoverunt</span> <span class='ocrx_word' id='word_1_87' title='bbox 1789 1112 1935 1183; x_wconf 85' lang='lat' dir='ltr'>quod</span> <span class='ocrx_word' id='word_1_88' title='bbox 1976 1112 2093 1183; x_wconf 89' lang='lat' dir='ltr'>ipsa</span> 
     </span>
     <span class='ocr_line' id='line_1_13' title="bbox 236 1199 2092 1270; baseline -0.001 -18"><span class='ocrx_word' id='word_1_89' title='bbox 236 1221 394 1252; x_wconf 90' lang='lat' dir='ltr'>causa</span> <span class='ocrx_word' id='word_1_90' title='bbox 437 1201 618 1252; x_wconf 85' lang='lat' dir='ltr'>taliter</span> <span class='ocrx_word' id='word_1_91' title='bbox 668 1211 784 1251; x_wconf 87' lang='lat' dir='ltr'>acta</span> <span class='ocrx_word' id='word_1_92' title='bbox 825 1201 907 1251; x_wconf 86' lang='lat' dir='ltr'>vel</span> <span class='ocrx_word' id='word_1_93' title='bbox 951 1210 1262 1270; x_wconf 87' lang='lat' dir='ltr'>perpetrata</span> <span class='ocrx_word' id='word_1_94' title='bbox 1306 1199 1515 1250; x_wconf 89' lang='lat' dir='ltr'>suisset.</span> <span class='ocrx_word' id='word_1_95' title='bbox 1562 1202 1704 1250; x_wconf 88' lang='lat' dir='ltr'>Dum</span> <span class='ocrx_word' id='word_1_96' title='bbox 1750 1201 1932 1250; x_wconf 88' lang='lat' dir='ltr'>taliter</span> <span class='ocrx_word' id='word_1_97' title='bbox 1976 1200 2092 1251; x_wconf 89' lang='lat' dir='ltr'>dili-</span> 
     </span>
     <span class='ocr_line' id='line_1_14' title="bbox 234 1287 2092 1361; baseline -0.002 -21"><span class='ocrx_word' id='word_1_98' title='bbox 234 1289 427 1361; x_wconf 82' lang='lat' dir='ltr'>gencia</span> <span class='ocrx_word' id='word_1_99' title='bbox 464 1289 742 1359; x_wconf 84' lang='lat' dir='ltr'>inquirere</span> <span class='ocrx_word' id='word_1_100' title='bbox 780 1288 1001 1349; x_wconf 80' lang='lat' dir='ltr'>viditur,</span> <span class='ocrx_word' id='word_1_101' title='bbox 1035 1288 1339 1338; x_wconf 78' lang='lat' dir='ltr'>sublectuni</span> <span class='ocrx_word' id='word_1_102' title='bbox 1366 1287 1467 1338; x_wconf 86' lang='lat' dir='ltr'>suit</span> <span class='ocrx_word' id='word_1_103' title='bbox 1494 1287 1559 1338; x_wconf 89' lang='lat' dir='ltr'>ad</span> <span class='ocrx_word' id='word_1_104' title='bbox 1594 1288 1738 1358; x_wconf 87' lang='lat' dir='ltr'>ipsas</span> <span class='ocrx_word' id='word_1_105' title='bbox 1764 1288 1934 1338; x_wconf 88' lang='lat' dir='ltr'>bonas</span> <span class='ocrx_word' id='word_1_106' title='bbox 1962 1298 2092 1338; x_wconf 90' lang='lat' dir='ltr'>stra-</span> 
     </span>
     <span class='ocr_line' id='line_1_15' title="bbox 235 1377 2094 1448; baseline -0.001 -20"><span class='ocrx_word' id='word_1_107' title='bbox 235 1378 351 1428; x_wconf 88' lang='lat' dir='ltr'>nias</span> <span class='ocrx_word' id='word_1_108' title='bbox 392 1397 654 1448; x_wconf 89' lang='lat' dir='ltr'>personas</span> <span class='ocrx_word' id='word_1_109' title='bbox 696 1377 890 1427; x_wconf 80' lang='lat' dir='ltr'>vicinis</span> <span class='ocrx_word' id='word_1_110' title='bbox 941 1377 1085 1428; x_wconf 90' lang='lat' dir='ltr'>circa</span> <span class='ocrx_word' id='word_1_111' title='bbox 1129 1377 1417 1437; x_wconf 82' lang='lat' dir='ltr'>manentis,</span> <span class='ocrx_word' id='word_1_112' title='bbox 1465 1377 1557 1447; x_wconf 81' lang='lat' dir='ltr'>qui</span> <span class='ocrx_word' id='word_1_113' title='bbox 1602 1377 1741 1427; x_wconf 83' lang='lat' dir='ltr'>bene</span> <span class='ocrx_word' id='word_1_114' title='bbox 1784 1377 1986 1447; x_wconf 84' lang='lat' dir='ltr'>optime</span> <span class='ocrx_word' id='word_1_115' title='bbox 2029 1397 2094 1427; x_wconf 79' lang='lat' dir='ltr'>ex</span> 
     </span>
     <span class='ocr_line' id='line_1_16' title="bbox 236 1465 2091 1536; baseline -0.001 -20"><span class='ocrx_word' id='word_1_116' title='bbox 236 1466 338 1516; x_wconf 91' lang='lat' dir='ltr'>hoc</span> <span class='ocrx_word' id='word_1_117' title='bbox 386 1466 634 1536; x_wconf 85' lang='lat' dir='ltr'>conperti</span> <span class='ocrx_word' id='word_1_118' title='bbox 677 1465 926 1525; x_wconf 87' lang='lat' dir='ltr'>aderunt,</span> <span class='ocrx_word' id='word_1_119' title='bbox 974 1465 1106 1536; x_wconf 87' lang='lat' dir='ltr'>quid</span> <span class='ocrx_word' id='word_1_120' title='bbox 1150 1465 1344 1516; x_wconf 81' lang='lat' dir='ltr'>exinde</span> <span class='ocrx_word' id='word_1_121' title='bbox 1387 1465 1783 1535; x_wconf 78' lang='lat' dir='ltr'>cognuscibant</span> <span class='ocrx_word' id='word_1_122' title='bbox 1826 1465 2091 1515; x_wconf 73' lang='lat' dir='ltr'>veraciter</span> 
     </span>
     <span class='ocr_line' id='line_1_17' title="bbox 237 1553 2090 1624; baseline -0.001 -20"><span class='ocrx_word' id='word_1_123' title='bbox 237 1574 490 1605; x_wconf 88' lang='lat' dir='ltr'>enerrare</span> <span class='ocrx_word' id='word_1_124' title='bbox 528 1553 812 1604; x_wconf 89' lang='lat' dir='ltr'>deberent.</span> <span class='ocrx_word' id='word_1_125' title='bbox 855 1553 964 1605; x_wconf 85' lang='lat' dir='ltr'>Sed</span> <span class='ocrx_word' id='word_1_126' title='bbox 998 1553 1103 1624; x_wconf 88' lang='lat' dir='ltr'>ipsi</span> <span class='ocrx_word' id='word_1_127' title='bbox 1145 1554 1306 1604; x_wconf 91' lang='lat' dir='ltr'>homo</span> <span class='ocrx_word' id='word_1_128' title='bbox 1347 1553 1528 1603; x_wconf 87' lang='lat' dir='ltr'>taliter</span> <span class='ocrx_word' id='word_1_129' title='bbox 1569 1554 1907 1624; x_wconf 88' lang='lat' dir='ltr'>prebuerunt</span> <span class='ocrx_word' id='word_1_130' title='bbox 1943 1553 2090 1604; x_wconf 88' lang='lat' dir='ltr'>testi-</span> 
     </span>
     <span class='ocr_line' id='line_1_18' title="bbox 238 1641 2092 1712; baseline 0.001 -20"><span class='ocrx_word' id='word_1_131' title='bbox 238 1643 497 1703; x_wconf 90' lang='lat' dir='ltr'>monium,</span> <span class='ocrx_word' id='word_1_132' title='bbox 529 1653 586 1692; x_wconf 91' lang='lat' dir='ltr'>ut</span> <span class='ocrx_word' id='word_1_133' title='bbox 620 1642 864 1712; x_wconf 78' lang='lat' dir='ltr'>inspecta</span> <span class='ocrx_word' id='word_1_134' title='bbox 891 1642 979 1692; x_wconf 87' lang='lat' dir='ltr'>illa</span> <span class='ocrx_word' id='word_1_135' title='bbox 1009 1642 1257 1712; x_wconf 84' lang='lat' dir='ltr'>epistola,</span> <span class='ocrx_word' id='word_1_136' title='bbox 1290 1662 1450 1712; x_wconf 82' lang='lat' dir='ltr'>quem</span> <span class='ocrx_word' id='word_1_137' title='bbox 1485 1641 1564 1691; x_wconf 87' lang='lat' dir='ltr'>illi</span> <span class='ocrx_word' id='word_1_138' title='bbox 1598 1642 1965 1712; x_wconf 80' lang='lat' dir='ltr'>presentabat,</span> <span class='ocrx_word' id='word_1_139' title='bbox 1998 1662 2092 1693; x_wconf 82' lang='lat' dir='ltr'>sua</span> 
     </span>
     <span class='ocr_line' id='line_1_19' title="bbox 238 1729 2090 1781; baseline 0 -1"><span class='ocrx_word' id='word_1_140' title='bbox 238 1730 721 1781; x_wconf 87' lang='lat' dir='ltr'>denonciaeionem</span> <span class='ocrx_word' id='word_1_141' title='bbox 746 1730 1010 1780; x_wconf 79' lang='lat' dir='ltr'>veraciter</span> <span class='ocrx_word' id='word_1_142' title='bbox 1035 1729 1457 1780; x_wconf 81' lang='lat' dir='ltr'>concordabant.</span> <span class='ocrx_word' id='word_1_143' title='bbox 1486 1731 1627 1779; x_wconf 89' lang='lat' dir='ltr'>Dum</span> <span class='ocrx_word' id='word_1_144' title='bbox 1657 1729 1732 1779; x_wconf 89' lang='lat' dir='ltr'>sic</span> <span class='ocrx_word' id='word_1_145' title='bbox 1761 1730 1815 1779; x_wconf 89' lang='lat' dir='ltr'>in</span> <span class='ocrx_word' id='word_1_146' title='bbox 1840 1730 2090 1780; x_wconf 89' lang='lat' dir='ltr'>omnibus</span> 
     </span>
     <span class='ocr_line' id='line_1_20' title="bbox 238 1817 2090 1891; baseline -0.001 -22"><span class='ocrx_word' id='word_1_147' title='bbox 238 1819 520 1891; x_wconf 76' lang='lat' dir='ltr'>devolgata</span> <span class='ocrx_word' id='word_1_148' title='bbox 548 1818 759 1878; x_wconf 87' lang='lat' dir='ltr'>claruit,</span> <span class='ocrx_word' id='word_1_149' title='bbox 793 1819 868 1868; x_wconf 90' lang='lat' dir='ltr'>sie</span> <span class='ocrx_word' id='word_1_150' title='bbox 897 1818 1282 1888; x_wconf 87' lang='lat' dir='ltr'>suprascriptis</span> <span class='ocrx_word' id='word_1_151' title='bbox 1307 1817 1553 1888; x_wconf 80' lang='lat' dir='ltr'>pontifex</span> <span class='ocrx_word' id='word_1_152' title='bbox 1580 1828 1632 1867; x_wconf 89' lang='grc'>01</span> <span class='ocrx_word' id='word_1_153' title='bbox 1666 1817 1769 1888; x_wconf 86' lang='lat' dir='ltr'>ipsi</span> <span class='ocrx_word' id='word_1_154' title='bbox 1799 1838 1983 1868; x_wconf 87' lang='lat' dir='ltr'>comus</span> <span class='ocrx_word' id='word_1_155' title='bbox 2007 1818 2090 1868; x_wconf 79' lang='lat' dir='ltr'>vel</span> 
     </span>
     <span class='ocr_line' id='line_1_21' title="bbox 238 1906 2091 1978; baseline -0.001 -21"><span class='ocrx_word' id='word_1_156' title='bbox 238 1907 330 1978; x_wconf 86' lang='lat' dir='ltr'>qui</span> <span class='ocrx_word' id='word_1_157' title='bbox 370 1927 489 1957; x_wconf 90' lang='lat' dir='ltr'>cum</span> <span class='ocrx_word' id='word_1_158' title='bbox 524 1926 586 1956; x_wconf 92' lang='grc'>00</span> <span class='ocrx_word' id='word_1_159' title='bbox 629 1906 853 1956; x_wconf 87' lang='lat' dir='ltr'>aderant</span> <span class='ocrx_word' id='word_1_160' title='bbox 888 1906 1353 1956; x_wconf 69' lang='lat' dir='ltr'>denunciaverunt.</span> <span class='ocrx_word' id='word_1_161' title='bbox 1395 1906 1564 1976; x_wconf 88' lang='lat' dir='ltr'>ipsius</span> <span class='ocrx_word' id='word_1_162' title='bbox 1609 1906 1687 1956; x_wconf 89' lang='lat' dir='ltr'>illi</span> <span class='ocrx_word' id='word_1_163' title='bbox 1728 1916 1785 1956; x_wconf 93' lang='lat' dir='ltr'>ut</span> <span class='ocrx_word' id='word_1_164' title='bbox 1829 1906 2091 1977; x_wconf 85' lang='lat' dir='ltr'>quicquid</span> 
     </span>
     <span class='ocr_line' id='line_1_22' title="bbox 236 1994 2089 2066; baseline 0 -21"><span class='ocrx_word' id='word_1_165' title='bbox 236 2015 333 2065; x_wconf 88' lang='lat' dir='ltr'>per</span> <span class='ocrx_word' id='word_1_166' title='bbox 361 2014 625 2045; x_wconf 86' lang='lat' dir='ltr'>annorum</span> <span class='ocrx_word' id='word_1_167' title='bbox 662 1995 841 2064; x_wconf 87' lang='lat' dir='ltr'>spacia</span> <span class='ocrx_word' id='word_1_168' title='bbox 870 1994 934 2045; x_wconf 90' lang='lat' dir='ltr'>de</span> <span class='ocrx_word' id='word_1_169' title='bbox 963 2014 1025 2044; x_wconf 92' lang='lat' dir='ltr'>eo</span> <span class='ocrx_word' id='word_1_170' title='bbox 1052 2005 1299 2064; x_wconf 83' lang='lat' dir='ltr'>tempore</span> <span class='ocrx_word' id='word_1_171' title='bbox 1327 2014 1499 2064; x_wconf 80' lang='lat' dir='ltr'>usquc</span> <span class='ocrx_word' id='word_1_172' title='bbox 1527 2014 1671 2044; x_wconf 86' lang='lat' dir='ltr'>nune</span> <span class='ocrx_word' id='word_1_173' title='bbox 1699 1994 1834 2045; x_wconf 85' lang='lat' dir='ltr'>recti</span> <span class='ocrx_word' id='word_1_174' title='bbox 1862 2005 1915 2045; x_wconf 98' lang='grc'>01</span> <span class='ocrx_word' id='word_1_175' title='bbox 1949 1994 2089 2066; x_wconf 84' lang='lat' dir='ltr'>lega-</span> 
     </span>
     <span class='ocr_line' id='line_1_23' title="bbox 235 2082 2089 2154; baseline -0.001 -21"><span class='ocrx_word' id='word_1_176' title='bbox 235 2083 359 2133; x_wconf 90' lang='lat' dir='ltr'>liter</span> <span class='ocrx_word' id='word_1_177' title='bbox 392 2082 730 2153; x_wconf 86' lang='lat' dir='ltr'>possederat,</span> <span class='ocrx_word' id='word_1_178' title='bbox 777 2083 832 2133; x_wconf 91' lang='lat' dir='ltr'>in</span> <span class='ocrx_word' id='word_1_179' title='bbox 867 2093 1022 2133; x_wconf 85' lang='lat' dir='ltr'>antea</span> <span class='ocrx_word' id='word_1_180' title='bbox 1056 2082 1275 2132; x_wconf 70' lang='lat' dir='ltr'>obsolve</span> <span class='ocrx_word' id='word_1_181' title='bbox 1312 2082 1616 2153; x_wconf 85' lang='lat' dir='ltr'>principale</span> <span class='ocrx_word' id='word_1_182' title='bbox 1651 2082 1901 2154; x_wconf 78' lang='lat' dir='ltr'>negocio,</span> <span class='ocrx_word' id='word_1_183' title='bbox 1939 2092 2089 2133; x_wconf 88' lang='lat' dir='ltr'>recto</span> 
     </span>
     <span class='ocr_line' id='line_1_24' title="bbox 234 2170 2089 2243; baseline 0 -23"><span class='ocrx_word' id='word_1_184' title='bbox 234 2171 449 2222; x_wconf 90' lang='lat' dir='ltr'>tramite</span> <span class='ocrx_word' id='word_1_185' title='bbox 483 2181 677 2221; x_wconf 88' lang='lat' dir='ltr'>testata</span> <span class='ocrx_word' id='word_1_186' title='bbox 710 2171 849 2243; x_wconf 77' lang='lat' dir='ltr'>lege,</span> <span class='ocrx_word' id='word_1_187' title='bbox 891 2171 1053 2222; x_wconf 79' lang='lat' dir='ltr'>servit</span> <span class='ocrx_word' id='word_1_188' title='bbox 1087 2191 1173 2221; x_wconf 88' lang='lat' dir='ltr'>res</span> <span class='ocrx_word' id='word_1_189' title='bbox 1217 2190 1337 2221; x_wconf 87' lang='lat' dir='ltr'>suas</span> <span class='ocrx_word' id='word_1_190' title='bbox 1373 2170 1496 2241; x_wconf 88' lang='lat' dir='ltr'>ipsi,</span> <span class='ocrx_word' id='word_1_191' title='bbox 1529 2181 1618 2221; x_wconf 85' lang='lat' dir='ltr'>aut</span> <span class='ocrx_word' id='word_1_192' title='bbox 1662 2170 1853 2221; x_wconf 89' lang='lat' dir='ltr'>heredi</span> <span class='ocrx_word' id='word_1_193' title='bbox 1889 2171 1972 2221; x_wconf 91' lang='lat' dir='ltr'>sui</span> <span class='ocrx_word' id='word_1_194' title='bbox 2015 2181 2089 2221; x_wconf 92' lang='lat' dir='ltr'>te-</span> 
     </span>
     <span class='ocr_line' id='line_1_25' title="bbox 236 2258 2090 2330; baseline -0.001 -21"><span class='ocrx_word' id='word_1_195' title='bbox 236 2259 353 2310; x_wconf 90' lang='lat' dir='ltr'>nire</span> <span class='ocrx_word' id='word_1_196' title='bbox 387 2269 439 2309; x_wconf 89' lang='lat' dir='ltr'>et</span> <span class='ocrx_word' id='word_1_197' title='bbox 472 2258 754 2330; x_wconf 87' lang='lat' dir='ltr'>possedire</span> <span class='ocrx_word' id='word_1_198' title='bbox 782 2258 996 2309; x_wconf 89' lang='lat' dir='ltr'>faciant.</span> <span class='ocrx_word' id='word_1_199' title='bbox 1039 2261 1105 2309; x_wconf 88' lang='lat' dir='ltr'>Et</span> <span class='ocrx_word' id='word_1_200' title='bbox 1138 2278 1237 2329; x_wconf 88' lang='lat' dir='ltr'>pro</span> <span class='ocrx_word' id='word_1_201' title='bbox 1263 2269 1518 2329; x_wconf 86' lang='lat' dir='ltr'>presente</span> <span class='ocrx_word' id='word_1_202' title='bbox 1546 2269 1598 2309; x_wconf 90' lang='grc'>01</span> <span class='ocrx_word' id='word_1_203' title='bbox 1632 2258 1808 2309; x_wconf 86' lang='lat' dir='ltr'>sutura</span> <span class='ocrx_word' id='word_1_204' title='bbox 1843 2269 2090 2329; x_wconf 86' lang='lat' dir='ltr'>tempora</span> 
     </span>
     <span class='ocr_line' id='line_1_26' title="bbox 239 2346 2088 2418; baseline -0.001 -19"><span class='ocrx_word' id='word_1_205' title='bbox 239 2347 516 2408; x_wconf 89' lang='lat' dir='ltr'>convenit,</span> <span class='ocrx_word' id='word_1_206' title='bbox 563 2358 620 2398; x_wconf 93' lang='lat' dir='ltr'>ut</span> <span class='ocrx_word' id='word_1_207' title='bbox 662 2347 800 2398; x_wconf 90' lang='lat' dir='ltr'>hanc</span> <span class='ocrx_word' id='word_1_208' title='bbox 847 2347 1113 2408; x_wconf 89' lang='lat' dir='ltr'>carthola,</span> <span class='ocrx_word' id='word_1_209' title='bbox 1170 2347 1262 2417; x_wconf 89' lang='lat' dir='ltr'>qui</span> <span class='ocrx_word' id='word_1_210' title='bbox 1304 2357 1525 2397; x_wconf 79' lang='lat' dir='ltr'>vocatur</span> <span class='ocrx_word' id='word_1_211' title='bbox 1571 2347 1863 2417; x_wconf 82' lang='lat' dir='ltr'>appenniS,</span> <span class='ocrx_word' id='word_1_212' title='bbox 1916 2346 2088 2418; x_wconf 87' lang='lat' dir='ltr'>prefa-</span> 
     </span>
     <span class='ocr_line' id='line_1_27' title="bbox 236 2435 2088 2506; baseline -0.001 -20"><span class='ocrx_word' id='word_1_213' title='bbox 236 2446 415 2486; x_wconf 86' lang='lat' dir='ltr'>torum</span> <span class='ocrx_word' id='word_1_214' title='bbox 442 2435 717 2486; x_wconf 86' lang='lat' dir='ltr'>seniorum</span> <span class='ocrx_word' id='word_1_215' title='bbox 743 2435 825 2486; x_wconf 81' lang='lat' dir='ltr'>vel</span> <span class='ocrx_word' id='word_1_216' title='bbox 853 2436 1189 2506; x_wconf 84' lang='lat' dir='ltr'>reliquorum</span> <span class='ocrx_word' id='word_1_217' title='bbox 1213 2435 1407 2485; x_wconf 79' lang='lat' dir='ltr'>civium</span> <span class='ocrx_word' id='word_1_218' title='bbox 1431 2455 1618 2485; x_wconf 90' lang='lat' dir='ltr'>eorum</span> <span class='ocrx_word' id='word_1_219' title='bbox 1645 2435 1905 2485; x_wconf 87' lang='lat' dir='ltr'>manebus</span> <span class='ocrx_word' id='word_1_220' title='bbox 1932 2436 2088 2485; x_wconf 90' lang='lat' dir='ltr'>robo-</span> 
     </span>
     <span class='ocr_line' id='line_1_28' title="bbox 238 2522 2088 2594; baseline -0.001 -19"><span class='ocrx_word' id='word_1_221' title='bbox 238 2534 378 2575; x_wconf 86' lang='lat' dir='ltr'>ratas</span> <span class='ocrx_word' id='word_1_222' title='bbox 406 2523 652 2594; x_wconf 88' lang='lat' dir='ltr'>accipere</span> <span class='ocrx_word' id='word_1_223' title='bbox 680 2534 732 2574; x_wconf 90' lang='grc'>01</span> <span class='ocrx_word' id='word_1_224' title='bbox 766 2523 1049 2574; x_wconf 86' lang='lat' dir='ltr'>adfirmare</span> <span class='ocrx_word' id='word_1_225' title='bbox 1078 2523 1333 2586; x_wconf 83' lang='lat' dir='ltr'>deberet3</span> <span class='ocrx_word' id='word_1_226' title='bbox 1373 2523 1519 2594; x_wconf 84' lang='lat' dir='ltr'>quod</span> <span class='ocrx_word' id='word_1_227' title='bbox 1554 2523 1627 2573; x_wconf 84' lang='lat' dir='ltr'>ita</span> <span class='ocrx_word' id='word_1_228' title='bbox 1659 2533 1712 2573; x_wconf 88' lang='lat' dir='ltr'>et</span> <span class='ocrx_word' id='word_1_229' title='bbox 1746 2522 1892 2584; x_wconf 90' lang='lat' dir='ltr'>fecit,</span> <span class='ocrx_word' id='word_1_230' title='bbox 1924 2523 1997 2574; x_wconf 88' lang='lat' dir='ltr'>ita</span> <span class='ocrx_word' id='word_1_231' title='bbox 2030 2534 2088 2574; x_wconf 92' lang='lat' dir='ltr'>ut</span> 
     </span>
    </p>
   </div>
   <div class='ocr_carea' id='block_1_3' title="bbox 236 2727 2089 3381">
    <p class='ocr_par' dir='ltr' id='par_1_3' title="bbox 239 2727 2089 2968">
     <span class='ocr_line' id='line_1_29' title="bbox 299 2727 2086 2787; baseline -0.001 -17"><span class='ocrx_word' id='word_1_232' title='bbox 299 2732 340 2770; x_wconf 92' lang='lat'>1.</span> <span class='ocrx_word' id='word_1_233' title='bbox 372 2731 439 2770; x_wconf 92' lang='lat' dir='ltr'>En</span> <span class='ocrx_word' id='word_1_234' title='bbox 464 2727 664 2784; x_wconf 75' lang='lat' dir='ltr'>ge&#39;ne&#39;ral,</span> <span class='ocrx_word' id='word_1_235' title='bbox 697 2728 877 2770; x_wconf 81' lang='lat' dir='ltr'>churtes</span> <span class='ocrx_word' id='word_1_236' title='bbox 904 2727 958 2769; x_wconf 74' lang='lat' dir='ltr'>de</span> <span class='ocrx_word' id='word_1_237' title='bbox 982 2728 1309 2787; x_wconf 76' lang='lat' dir='ltr'>composition,</span> <span class='ocrx_word' id='word_1_238' title='bbox 1341 2727 1680 2786; x_wconf 83' lang='lat' dir='ltr'>spe&#39;cialement‚</span> <span class='ocrx_word' id='word_1_239' title='bbox 1712 2734 1834 2769; x_wconf 81' lang='lat' dir='ltr'>carta</span> <span class='ocrx_word' id='word_1_240' title='bbox 1864 2742 1921 2770; x_wconf 86' lang='lat' dir='ltr'>ou</span> <span class='ocrx_word' id='word_1_241' title='bbox 1959 2728 2086 2784; x_wconf 89' lang='lat' dir='ltr'>epis-</span> 
     </span>
     <span class='ocr_line' id='line_1_30' title="bbox 240 2792 2089 2852; baseline -0.001 -17"><span class='ocrx_word' id='word_1_242' title='bbox 240 2794 334 2836; x_wconf 81' lang='lat' dir='ltr'>tola</span> <span class='ocrx_word' id='word_1_243' title='bbox 355 2808 450 2852; x_wconf 72' lang='lat' dir='ltr'>par</span> <span class='ocrx_word' id='word_1_244' title='bbox 475 2793 674 2852; x_wconf 80' lang='lat' dir='ltr'>laquelle</span> <span class='ocrx_word' id='word_1_245' title='bbox 702 2792 739 2835; x_wconf 92' lang='lat' dir='ltr'>le</span> <span class='ocrx_word' id='word_1_246' title='bbox 766 2794 887 2836; x_wconf 77' lang='lat' dir='ltr'>mari</span> <span class='ocrx_word' id='word_1_247' title='bbox 910 2794 1142 2836; x_wconf 63' lang='lat' dir='ltr'>favissent·</span> <span class='ocrx_word' id='word_1_248' title='bbox 1164 2794 1218 2835; x_wconf 83' lang='lat' dir='ltr'>de</span> <span class='ocrx_word' id='word_1_249' title='bbox 1242 2808 1297 2835; x_wconf 82' lang='lat' dir='ltr'>sa</span> <span class='ocrx_word' id='word_1_250' title='bbox 1321 2793 1758 2852; x_wconf 62' lang='lat' dir='ltr'>fe1211ne7payccntla</span> <span class='ocrx_word' id='word_1_251' title='bbox 1785 2794 2089 2852; x_wconf 78' lang='lat' dir='ltr'>composition</span> 
     </span>
     <span class='ocr_line' id='line_1_31' title="bbox 239 2859 2086 2917; baseline 0 -16"><span class='ocrx_word' id='word_1_252' title='bbox 239 2859 293 2901; x_wconf 86' lang='lat' dir='ltr'>de</span> <span class='ocrx_word' id='word_1_253' title='bbox 317 2874 399 2902; x_wconf 88' lang='lat' dir='ltr'>son</span> <span class='ocrx_word' id='word_1_254' title='bbox 427 2859 577 2917; x_wconf 79' lang='lat' dir='ltr'>crime,</span> <span class='ocrx_word' id='word_1_255' title='bbox 608 2859 854 2916; x_wconf 70' lang='lat' dir='ltr'>legitimait</span> <span class='ocrx_word' id='word_1_256' title='bbox 878 2875 959 2903; x_wconf 88' lang='lat' dir='ltr'>son</span> <span class='ocrx_word' id='word_1_257' title='bbox 985 2860 1190 2915; x_wconf 77' lang='lat' dir='ltr'>mariage</span> <span class='ocrx_word' id='word_1_258' title='bbox 1214 2875 1263 2901; x_wconf 86' lang='lat' dir='ltr'>en</span> <span class='ocrx_word' id='word_1_259' title='bbox 1289 2860 1575 2902; x_wconf 76' lang='lat' dir='ltr'>constituant</span> <span class='ocrx_word' id='word_1_260' title='bbox 1597 2861 1624 2902; x_wconf 79' lang='grc' dir='ltr'><em>ἀ</em></span> <span class='ocrx_word' id='word_1_261' title='bbox 1649 2867 1757 2902; x_wconf 80' lang='lat' dir='ltr'>cette</span> <span class='ocrx_word' id='word_1_262' title='bbox 1782 2859 1983 2902; x_wconf 70' lang='lat' dir='ltr'>det-utere</span> <span class='ocrx_word' id='word_1_263' title='bbox 2003 2875 2086 2902; x_wconf 84' lang='lat' dir='ltr'>une</span> 
     </span>
     <span class='ocr_line' id='line_1_32' title="bbox 239 2925 336 2968; baseline -0.021 0"><span class='ocrx_word' id='word_1_264' title='bbox 239 2925 336 2968; x_wconf 83' lang='lat' dir='ltr'>dot.</span> 
     </span>
    </p>

    <p class='ocr_par' dir='ltr' id='par_1_4' title="bbox 236 2991 2087 3183">
     <span class='ocr_line' id='line_1_33' title="bbox 297 2991 2085 3051; baseline 0.001 -19"><span class='ocrx_word' id='word_1_265' title='bbox 297 2994 338 3033; x_wconf 91' lang='lat'>2.</span> <span class='ocrx_word' id='word_1_266' title='bbox 379 2992 568 3034; x_wconf 74' lang='lat' dir='ltr'>Chartes</span> <span class='ocrx_word' id='word_1_267' title='bbox 590 3007 683 3051; x_wconf 81' lang='lat' dir='ltr'>par</span> <span class='ocrx_word' id='word_1_268' title='bbox 715 2991 956 3051; x_wconf 78' lang='lat' dir='ltr'>lesquelles</span> <span class='ocrx_word' id='word_1_269' title='bbox 982 3007 1036 3034; x_wconf 89' lang='lat' dir='ltr'>on</span> <span class='ocrx_word' id='word_1_270' title='bbox 1064 2992 1302 3051; x_wconf 75' lang='lat' dir='ltr'>disposuit</span> <span class='ocrx_word' id='word_1_271' title='bbox 1328 2991 1381 3034; x_wconf 82' lang='lat' dir='ltr'>de</span> <span class='ocrx_word' id='word_1_272' title='bbox 1407 3007 1461 3034; x_wconf 80' lang='lat' dir='ltr'>sa</span> <span class='ocrx_word' id='word_1_273' title='bbox 1485 2992 1730 3051; x_wconf 79' lang='lat' dir='ltr'>proprie&#39;te&#39;,</span> <span class='ocrx_word' id='word_1_274' title='bbox 1762 3007 1817 3034; x_wconf 84' lang='lat' dir='ltr'>on</span> <span class='ocrx_word' id='word_1_275' title='bbox 1845 2991 1930 3034; x_wconf 83' lang='lat' dir='ltr'>la«</span> <span class='ocrx_word' id='word_1_276' title='bbox 1963 2991 2085 3034; x_wconf 80' lang='lat' dir='ltr'>de&#39;le&#39;-</span> 
     </span>
     <span class='ocr_line' id='line_1_34' title="bbox 236 3057 2087 3117; baseline 0 -18"><span class='ocrx_word' id='word_1_277' title='bbox 236 3057 372 3114; x_wconf 82' lang='lat' dir='ltr'>guait</span> <span class='ocrx_word' id='word_1_278' title='bbox 401 3075 437 3097; x_wconf 87' lang='lat'>».</span> <span class='ocrx_word' id='word_1_279' title='bbox 458 3059 523 3098; x_wconf 89' lang='lat' dir='ltr'>Ne</span> <span class='ocrx_word' id='word_1_280' title='bbox 545 3073 637 3116; x_wconf 81' lang='lat' dir='ltr'>pus</span> <span class='ocrx_word' id='word_1_281' title='bbox 663 3059 780 3100; x_wconf 76' lang='lat' dir='ltr'>tenir</span> <span class='ocrx_word' id='word_1_282' title='bbox 805 3066 979 3117; x_wconf 85' lang='lat' dir='ltr'>compte</span> <span class='ocrx_word' id='word_1_283' title='bbox 1003 3058 1066 3100; x_wconf 83' lang='lat' dir='ltr'>du</span> <span class='ocrx_word' id='word_1_284' title='bbox 1093 3065 1186 3100; x_wconf 84' lang='lat' dir='ltr'>mot</span> <span class='ocrx_word' id='word_1_285' title='bbox 1211 3059 1531 3114; x_wconf 75' lang='lat' dir='ltr'>allegationes,</span> <span class='ocrx_word' id='word_1_286' title='bbox 1556 3057 1976 3117; x_wconf 77' lang='lat' dir='ltr'>d’ctb01·dpt·opose&#39;</span> <span class='ocrx_word' id='word_1_287' title='bbox 1997 3073 2087 3115; x_wconf 79' lang='lat' dir='ltr'>par</span> 
     </span>
     <span class='ocr_line' id='line_1_35' title="bbox 239 3124 2075 3183; baseline 0.002 -19"><span class='ocrx_word' id='word_1_288' title='bbox 239 3126 307 3179; x_wconf 82' lang='lat' dir='ltr'>Z.,</span> <span class='ocrx_word' id='word_1_289' title='bbox 331 3139 380 3182; x_wconf 82' lang='lat' dir='ltr'>p.</span> <span class='ocrx_word' id='word_1_290' title='bbox 410 3126 478 3177; x_wconf 87' lang='grc'>15,</span> <span class='ocrx_word' id='word_1_291' title='bbox 506 3132 606 3165; x_wconf 86' lang='lat' dir='ltr'>note</span> <span class='ocrx_word' id='word_1_292' title='bbox 636 3127 672 3178; x_wconf 89' lang='lat'>1,</span> <span class='ocrx_word' id='word_1_293' title='bbox 701 3125 810 3183; x_wconf 78' lang='lat' dir='ltr'>puis</span> <span class='ocrx_word' id='word_1_294' title='bbox 836 3124 1128 3179; x_wconf 76' lang='lat' dir='ltr'>abandomee&#39;,</span> <span class='ocrx_word' id='word_1_295' title='bbox 1160 3139 1262 3166; x_wconf 69' lang='lat' dir='ltr'>arec</span> <span class='ocrx_word' id='word_1_296' title='bbox 1288 3125 1446 3166; x_wconf 77' lang='lat' dir='ltr'>raison</span> <span class='ocrx_word' id='word_1_297' title='bbox 1470 3140 1563 3183; x_wconf 76' lang='lat' dir='ltr'>pat·</span> <span class='ocrx_word' id='word_1_298' title='bbox 1589 3124 1668 3180; x_wconf 81' lang='lat' dir='ltr'>lui,</span> <span class='ocrx_word' id='word_1_299' title='bbox 1708 3140 1752 3182; x_wconf 81' lang='lat' dir='ltr'>p.</span> <span class='ocrx_word' id='word_1_300' title='bbox 1802 3127 1897 3181; x_wconf 80' lang='lat'>726,</span> <span class='ocrx_word' id='word_1_301' title='bbox 1942 3124 1968 3166; x_wconf 85' lang='lat' dir='ltr'>l.</span> <span class='ocrx_word' id='word_1_302' title='bbox 2002 3126 2075 3167; x_wconf 88' lang='grc'>15.</span> 
     </span>
    </p>

    <p class='ocr_par' dir='ltr' id='par_1_5' title="bbox 241 3190 2083 3381">
     <span class='ocr_line' id='line_1_36' title="bbox 298 3190 2083 3249; baseline -0.001 -18"><span class='ocrx_word' id='word_1_303' title='bbox 298 3191 340 3231; x_wconf 89' lang='grc'>3.</span> <span class='ocrx_word' id='word_1_304' title='bbox 374 3192 437 3231; x_wconf 87' lang='lat' dir='ltr'>De</span> <span class='ocrx_word' id='word_1_305' title='bbox 462 3191 574 3231; x_wconf 66' lang='grc' dir='ltr'>ΒΘΖ.</span> <span class='ocrx_word' id='word_1_306' title='bbox 604 3191 777 3246; x_wconf 76' lang='lat' dir='ltr'>corrige</span> <span class='ocrx_word' id='word_1_307' title='bbox 801 3191 829 3232; x_wconf 80' lang='grc' dir='ltr'>(ὶ</span> <span class='ocrx_word' id='word_1_308' title='bbox 876 3198 967 3232; x_wconf 83' lang='lat' dir='ltr'>tort</span> <span class='ocrx_word' id='word_1_309' title='bbox 992 3206 1249 3232; x_wconf 80' lang='lat' dir='ltr'>memorare</span> <span class='ocrx_word' id='word_1_310' title='bbox 1273 3208 1280 3239; x_wconf 88' lang='lat'>;</span> <span class='ocrx_word' id='word_1_311' title='bbox 1311 3206 1370 3232; x_wconf 89' lang='lat' dir='ltr'>m.</span> <span class='ocrx_word' id='word_1_312' title='bbox 1399 3198 1466 3232; x_wconf 80' lang='lat' dir='ltr'>est</span> <span class='ocrx_word' id='word_1_313' title='bbox 1486 3205 1608 3249; x_wconf 72' lang='lat' dir='ltr'>pout·</span> <span class='ocrx_word' id='word_1_314' title='bbox 1630 3191 1900 3238; x_wconf 83' lang='lat' dir='ltr'>minustare,</span> <span class='ocrx_word' id='word_1_315' title='bbox 1931 3190 2083 3231; x_wconf 89' lang='lat' dir='ltr'>minu-</span> 
     </span>
     <span class='ocr_line' id='line_1_37' title="bbox 241 3254 2082 3315; baseline 0.001 -19"><span class='ocrx_word' id='word_1_316' title='bbox 241 3263 353 3304; x_wconf 81' lang='lat' dir='ltr'>tare,</span> <span class='ocrx_word' id='word_1_317' title='bbox 384 3254 556 3297; x_wconf 81' lang='lat' dir='ltr'>de&#39;crire</span> <span class='ocrx_word' id='word_1_318' title='bbox 580 3271 670 3314; x_wconf 76' lang='lat' dir='ltr'>pal·</span> <span class='ocrx_word' id='word_1_319' title='bbox 695 3255 733 3297; x_wconf 90' lang='lat' dir='ltr'>le</span> <span class='ocrx_word' id='word_1_320' title='bbox 759 3272 889 3299; x_wconf 83' lang='lat' dir='ltr'>menu</span> <span class='ocrx_word' id='word_1_321' title='bbox 920 3274 935 3296; x_wconf 78' lang='grc'>(1</span> <span class='ocrx_word' id='word_1_322' title='bbox 967 3257 1174 3312; x_wconf 78' lang='lat' dir='ltr'>minuter,</span> <span class='ocrx_word' id='word_1_323' title='bbox 1206 3257 1374 3299; x_wconf 85' lang='lat' dir='ltr'>minute</span> <span class='ocrx_word' id='word_1_324' title='bbox 1408 3275 1422 3296; x_wconf 87' lang='lat'>»</span> <span class='ocrx_word' id='word_1_325' title='bbox 1453 3272 1502 3298; x_wconf 89' lang='lat' dir='ltr'>en</span> <span class='ocrx_word' id='word_1_326' title='bbox 1530 3256 1643 3315; x_wconf 63' lang='lat' dir='ltr'>stJle</span> <span class='ocrx_word' id='word_1_327' title='bbox 1669 3256 1723 3298; x_wconf 85' lang='lat' dir='ltr'>de</span> <span class='ocrx_word' id='word_1_328' title='bbox 1757 3256 1948 3312; x_wconf 77' lang='lat' dir='ltr'>notaire,</span> <span class='ocrx_word' id='word_1_329' title='bbox 1982 3256 2082 3298; x_wconf 86' lang='lat' dir='ltr'>bien</span> 
     </span>
     <span class='ocr_line' id='line_1_38' title="bbox 242 3319 1084 3381; baseline 0.004 -19"><span class='ocrx_word' id='word_1_330' title='bbox 242 3319 424 3380; x_wconf 76' lang='lat' dir='ltr'>qu’avec</span> <span class='ocrx_word' id='word_1_331' title='bbox 450 3336 509 3363; x_wconf 86' lang='lat' dir='ltr'>un</span> <span class='ocrx_word' id='word_1_332' title='bbox 534 3337 638 3363; x_wconf 87' lang='lat' dir='ltr'>sens</span> <span class='ocrx_word' id='word_1_333' title='bbox 665 3337 723 3364; x_wconf 86' lang='lat' dir='ltr'>un</span> <span class='ocrx_word' id='word_1_334' title='bbox 748 3338 837 3381; x_wconf 83' lang='lat' dir='ltr'>peu</span> <span class='ocrx_word' id='word_1_335' title='bbox 853 3322 1084 3378; x_wconf 69' lang='lat' dir='ltr'>different.</span> 
     </span>
    </p>
   </div>
  </div>
 </body>
</html>
